timestamp,symbol,bid,ask,bid_qty,ask_qty,transaction_time,event_time,update_id
2024-03-01T00:00:00.006000Z,BTCUSDT,61203.30000000,61203.40000000,2.65100000,2.55900000,2024-03-01T00:00:00.006000Z,2024-03-01T00:00:00.012000Z,4070922145555
2024-03-01T00:00:01.231000Z,BTCUSDT,61207.90000000,61208.00000000,11.56800000,0.01000000,2024-03-01T00:00:01.231000Z,2024-03-01T00:00:01.649000Z,4070922939693
2024-03-01T00:00:02.276000Z,BTCUSDT,61207.90000000,61208.00000000,11.54500000,0.04800000,2024-03-01T00:00:02.276000Z,2024-03-01T00:00:03.115000Z,4070923689395
2024-03-01T00:00:03.555000Z,BTCUSDT,61209.50000000,61209.70000000,0.51200000,0.01100000,2024-03-01T00:00:03.555000Z,2024-03-01T00:00:04.906000Z,4070924616177
2024-03-01T00:00:04.555000Z,BTCUSDT,61207.90000000,61208.00000000,1.72600000,6.06900000,2024-03-01T00:00:04.555000Z,2024-03-01T00:00:05.783000Z,4070924984112
2024-03-01T00:00:05.555000Z,BTCUSDT,61207.90000000,61208.00000000,2.81900000,1.44000000,2024-03-01T00:00:05.555000Z,2024-03-01T00:00:06.299000Z,4070925183508
2024-03-01T00:00:06.555000Z,BTCUSDT,61212.20000000,61212.30000000,3.82200000,3.16700000,2024-03-01T00:00:06.555000Z,2024-03-01T00:00:06.915000Z,4070925383205
2024-03-01T00:00:07.555000Z,BTCUSDT,61199.40000000,61199.50000000,1.98600000,5.44900000,2024-03-01T00:00:07.555000Z,2024-03-01T00:00:07.584000Z,4070925586501
2024-03-01T00:00:08.562000Z,BTCUSDT,61212.30000000,61212.40000000,7.65200000,1.66600000,2024-03-01T00:00:08.562000Z,2024-03-01T00:00:08.615000Z,4070925785047
2024-03-01T00:00:09.562000Z,BTCUSDT,61219.70000000,61219.80000000,5.97800000,0.13400000,2024-03-01T00:00:09.562000Z,2024-03-01T00:00:09.585000Z,4070925955621
2024-03-01T00:00:10.595000Z,BTCUSDT,61230.50000000,61230.60000000,2.44000000,4.09000000,2024-03-01T00:00:10.595000Z,2024-03-01T00:00:10.606000Z,4070926125748
2024-03-01T00:00:11.706000Z,BTCUSDT,61231.00000000,61231.10000000,9.90300000,0.80000000,2024-03-01T00:00:11.706000Z,2024-03-01T00:00:11.719000Z,4070926267656
2024-03-01T00:00:12.706000Z,BTCUSDT,61236.40000000,61236.50000000,7.76800000,0.49700000,2024-03-01T00:00:12.706000Z,2024-03-01T00:00:12.715000Z,4070926397746
2024-03-01T00:00:13.725000Z,BTCUSDT,61236.40000000,61236.50000000,9.22500000,3.10600000,2024-03-01T00:00:13.725000Z,2024-03-01T00:00:13.731000Z,4070926509998
2024-03-01T00:00:14.725000Z,BTCUSDT,61230.50000000,61230.60000000,3.55800000,1.38800000,2024-03-01T00:00:14.725000Z,2024-03-01T00:00:14.732000Z,4070926697275
2024-03-01T00:00:15.726000Z,BTCUSDT,61233.90000000,61234.00000000,2.77300000,0.49500000,2024-03-01T00:00:15.726000Z,2024-03-01T00:00:15.733000Z,4070926799149
2024-03-01T00:00:16.729000Z,BTCUSDT,61236.60000000,61236.70000000,4.18300000,3.38600000,2024-03-01T00:00:16.729000Z,2024-03-01T00:00:16.831000Z,4070926873207
2024-03-01T00:00:17.729000Z,BTCUSDT,61237.50000000,61237.60000000,5.27500000,0.67100000,2024-03-01T00:00:17.729000Z,2024-03-01T00:00:17.734000Z,4070926947990
2024-03-01T00:00:18.731000Z,BTCUSDT,61239.50000000,61239.60000000,6.00400000,0.08200000,2024-03-01T00:00:18.731000Z,2024-03-01T00:00:18.736000Z,4070927012847
2024-03-01T00:00:19.745000Z,BTCUSDT,61239.60000000,61239.70000000,4.78700000,0.29200000,2024-03-01T00:00:19.745000Z,2024-03-01T00:00:19.751000Z,4070927088224
2024-03-01T00:00:20.784000Z,BTCUSDT,61239.60000000,61239.70000000,5.68700000,0.16900000,2024-03-01T00:00:20.784000Z,2024-03-01T00:00:20.791000Z,4070927180844
2024-03-01T00:00:21.795000Z,BTCUSDT,61242.30000000,61242.40000000,4.91700000,3.77500000,2024-03-01T00:00:21.795000Z,2024-03-01T00:00:21.801000Z,4070927273889
2024-03-01T00:00:22.806000Z,BTCUSDT,61242.30000000,61242.40000000,2.71700000,3.44400000,2024-03-01T00:00:22.806000Z,2024-03-01T00:00:22.815000Z,4070927368964
2024-03-01T00:00:23.826000Z,BTCUSDT,61242.30000000,61242.40000000,3.19400000,3.99900000,2024-03-01T00:00:23.826000Z,2024-03-01T00:00:23.832000Z,4070927449563
2024-03-01T00:00:24.835000Z,BTCUSDT,61244.50000000,61244.60000000,3.09300000,4.48000000,2024-03-01T00:00:24.835000Z,2024-03-01T00:00:24.842000Z,4070927539998
2024-03-01T00:00:25.836000Z,BTCUSDT,61244.50000000,61244.60000000,6.37300000,3.02300000,2024-03-01T00:00:25.836000Z,2024-03-01T00:00:25.842000Z,4070927615452
2024-03-01T00:00:26.836000Z,BTCUSDT,61248.60000000,61248.90000000,3.39300000,0.11200000,2024-03-01T00:00:26.836000Z,2024-03-01T00:00:26.844000Z,4070927696972
2024-03-01T00:00:27.853000Z,BTCUSDT,61237.80000000,61238.10000000,0.00500000,2.90400000,2024-03-01T00:00:27.853000Z,2024-03-01T00:00:27.862000Z,4070927853117
2024-03-01T00:00:28.853000Z,BTCUSDT,61238.40000000,61238.50000000,0.93300000,0.16900000,2024-03-01T00:00:28.853000Z,2024-03-01T00:00:28.858000Z,4070928048716
2024-03-01T00:00:29.853000Z,BTCUSDT,61244.50000000,61244.60000000,4.72000000,2.06300000,2024-03-01T00:00:29.853000Z,2024-03-01T00:00:29.858000Z,4070928134687
2024-03-01T00:00:30.869000Z,BTCUSDT,61244.50000000,61244.60000000,4.95100000,0.68200000,2024-03-01T00:00:30.869000Z,2024-03-01T00:00:30.875000Z,4070928228662
2024-03-01T00:00:31.907000Z,BTCUSDT,61244.50000000,61244.60000000,3.07800000,4.12600000,2024-03-01T00:00:31.907000Z,2024-03-01T00:00:31.920000Z,4070928307355
2024-03-01T00:00:32.907000Z,BTCUSDT,61241.90000000,61242.00000000,5.80000000,6.13600000,2024-03-01T00:00:32.907000Z,2024-03-01T00:00:32.918000Z,4070928416322
2024-03-01T00:00:33.944000Z,BTCUSDT,61241.90000000,61242.00000000,4.71400000,3.30300000,2024-03-01T00:00:33.944000Z,2024-03-01T00:00:33.949000Z,4070928482885
2024-03-01T00:00:35.062000Z,BTCUSDT,61241.90000000,61242.00000000,3.26400000,1.99900000,2024-03-01T00:00:35.062000Z,2024-03-01T00:00:35.068000Z,4070928555694
2024-03-01T00:00:36.070000Z,BTCUSDT,61241.90000000,61242.00000000,2.51100000,2.37000000,2024-03-01T00:00:36.070000Z,2024-03-01T00:00:36.074000Z,4070928606849
2024-03-01T00:00:37.072000Z,BTCUSDT,61241.90000000,61242.00000000,2.94600000,3.27400000,2024-03-01T00:00:37.072000Z,2024-03-01T00:00:37.076000Z,4070928662879
2024-03-01T00:00:38.074000Z,BTCUSDT,61231.90000000,61232.00000000,0.00200000,5.91200000,2024-03-01T00:00:38.074000Z,2024-03-01T00:00:38.084000Z,4070928821607
2024-03-01T00:00:39.118000Z,BTCUSDT,61245.00000000,61245.10000000,9.12700000,0.00500000,2024-03-01T00:00:39.118000Z,2024-03-01T00:00:39.123000Z,4070928971022
2024-03-01T00:00:40.122000Z,BTCUSDT,61247.60000000,61247.70000000,5.53000000,0.24200000,2024-03-01T00:00:40.122000Z,2024-03-01T00:00:40.127000Z,4070929052711
2024-03-01T00:00:41.122000Z,BTCUSDT,61247.60000000,61247.70000000,5.48300000,0.12000000,2024-03-01T00:00:41.122000Z,2024-03-01T00:00:41.128000Z,4070929120918
2024-03-01T00:00:42.122000Z,BTCUSDT,61247.70000000,61247.80000000,6.82600000,0.01000000,2024-03-01T00:00:42.122000Z,2024-03-01T00:00:42.126000Z,4070929173858
2024-03-01T00:00:43.123000Z,BTCUSDT,61251.10000000,61251.20000000,8.08600000,0.63700000,2024-03-01T00:00:43.123000Z,2024-03-01T00:00:43.128000Z,4070929246248
2024-03-01T00:00:44.123000Z,BTCUSDT,61251.60000000,61251.70000000,10.43500000,0.16600000,2024-03-01T00:00:44.123000Z,2024-03-01T00:00:44.131000Z,4070929320920
2024-03-01T00:00:45.150000Z,BTCUSDT,61251.60000000,61251.70000000,7.79800000,0.00200000,2024-03-01T00:00:45.150000Z,2024-03-01T00:00:45.153000Z,4070929375771
2024-03-01T00:00:46.152000Z,BTCUSDT,61241.90000000,61242.00000000,0.35300000,8.91000000,2024-03-01T00:00:46.152000Z,2024-03-01T00:00:46.157000Z,4070929488281
2024-03-01T00:00:47.197000Z,BTCUSDT,61241.90000000,61242.00000000,4.69900000,0.55500000,2024-03-01T00:00:47.197000Z,2024-03-01T00:00:47.204000Z,4070929608767
2024-03-01T00:00:48.199000Z,BTCUSDT,61247.30000000,61247.40000000,4.25800000,0.00600000,2024-03-01T00:00:48.199000Z,2024-03-01T00:00:48.204000Z,4070929716683
2024-03-01T00:00:49.212000Z,BTCUSDT,61247.80000000,61247.90000000,4.77600000,0.11400000,2024-03-01T00:00:49.212000Z,2024-03-01T00:00:49.218000Z,4070929775504
2024-03-01T00:00:50.237000Z,BTCUSDT,61252.60000000,61252.70000000,6.92900000,0.05500000,2024-03-01T00:00:50.237000Z,2024-03-01T00:00:50.242000Z,4070929835384
2024-03-01T00:00:51.238000Z,BTCUSDT,61257.00000000,61257.10000000,0.36500000,0.10600000,2024-03-01T00:00:51.238000Z,2024-03-01T00:00:51.245000Z,4070929907611
2024-03-01T00:00:52.266000Z,BTCUSDT,61258.90000000,61259.00000000,4.45600000,1.32000000,2024-03-01T00:00:52.266000Z,2024-03-01T00:00:52.273000Z,4070929981675
2024-03-01T00:00:53.269000Z,BTCUSDT,61260.30000000,61260.40000000,7.20000000,1.06300000,2024-03-01T00:00:53.269000Z,2024-03-01T00:00:53.276000Z,4070930042768
2024-03-01T00:00:54.281000Z,BTCUSDT,61260.30000000,61260.40000000,7.56700000,0.62100000,2024-03-01T00:00:54.281000Z,2024-03-01T00:00:54.284000Z,4070930099562
2024-03-01T00:00:55.283000Z,BTCUSDT,61261.40000000,61261.50000000,6.26500000,0.20100000,2024-03-01T00:00:55.283000Z,2024-03-01T00:00:55.291000Z,4070930162850
2024-03-01T00:00:56.311000Z,BTCUSDT,61261.80000000,61261.90000000,7.33500000,0.08300000,2024-03-01T00:00:56.311000Z,2024-03-01T00:00:56.317000Z,4070930223074
2024-03-01T00:00:57.312000Z,BTCUSDT,61261.80000000,61261.90000000,7.30600000,2.67600000,2024-03-01T00:00:57.312000Z,2024-03-01T00:00:57.318000Z,4070930275965
2024-03-01T00:00:58.315000Z,BTCUSDT,61262.00000000,61262.10000000,3.81900000,3.40200000,2024-03-01T00:00:58.315000Z,2024-03-01T00:00:58.321000Z,4070930329940
2024-03-01T00:00:59.315000Z,BTCUSDT,61261.60000000,61261.70000000,6.28700000,1.42100000,2024-03-01T00:00:59.315000Z,2024-03-01T00:00:59.321000Z,4070930497853
2024-03-01T00:01:00.351000Z,BTCUSDT,61274.30000000,61274.40000000,3.57400000,4.09500000,2024-03-01T00:01:00.351000Z,2024-03-01T00:01:00.357000Z,4070930592029
2024-03-01T00:01:01.377000Z,BTCUSDT,61269.90000000,61270.00000000,4.20900000,3.99800000,2024-03-01T00:01:01.377000Z,2024-03-01T00:01:01.382000Z,4070930711054
2024-03-01T00:01:02.377000Z,BTCUSDT,61272.80000000,61272.90000000,1.51600000,5.42200000,2024-03-01T00:01:02.377000Z,2024-03-01T00:01:02.381000Z,4070930809170
2024-03-01T00:01:03.380000Z,BTCUSDT,61272.80000000,61272.90000000,4.45300000,2.25500000,2024-03-01T00:01:03.380000Z,2024-03-01T00:01:03.387000Z,4070930890730
2024-03-01T00:01:04.393000Z,BTCUSDT,61272.80000000,61272.90000000,5.25200000,0.82000000,2024-03-01T00:01:04.393000Z,2024-03-01T00:01:04.399000Z,4070931000534
2024-03-01T00:01:05.397000Z,BTCUSDT,61272.80000000,61272.90000000,6.68100000,0.23000000,2024-03-01T00:01:05.397000Z,2024-03-01T00:01:05.404000Z,4070931081605
2024-03-01T00:01:06.439000Z,BTCUSDT,61272.80000000,61272.90000000,5.00300000,2.20000000,2024-03-01T00:01:06.439000Z,2024-03-01T00:01:06.444000Z,4070931152518
2024-03-01T00:01:07.482000Z,BTCUSDT,61272.80000000,61272.90000000,5.77500000,1.82300000,2024-03-01T00:01:07.482000Z,2024-03-01T00:01:07.489000Z,4070931239213
2024-03-01T00:01:08.487000Z,BTCUSDT,61272.80000000,61272.90000000,5.85000000,3.21700000,2024-03-01T00:01:08.487000Z,2024-03-01T00:01:08.494000Z,4070931316229
2024-03-01T00:01:09.493000Z,BTCUSDT,61273.60000000,61273.70000000,8.40100000,5.79300000,2024-03-01T00:01:09.493000Z,2024-03-01T00:01:09.500000Z,4070931401831
2024-03-01T00:01:10.509000Z,BTCUSDT,61273.60000000,61273.70000000,6.21000000,6.76200000,2024-03-01T00:01:10.509000Z,2024-03-01T00:01:10.517000Z,4070931501979
2024-03-01T00:01:11.528000Z,BTCUSDT,61273.60000000,61273.70000000,4.93500000,5.52400000,2024-03-01T00:01:11.528000Z,2024-03-01T00:01:11.533000Z,4070931574424
2024-03-01T00:01:12.539000Z,BTCUSDT,61273.60000000,61273.70000000,7.09400000,3.29500000,2024-03-01T00:01:12.539000Z,2024-03-01T00:01:12.543000Z,4070931655725
2024-03-01T00:01:13.541000Z,BTCUSDT,61273.60000000,61273.70000000,6.22300000,1.17700000,2024-03-01T00:01:13.541000Z,2024-03-01T00:01:13.547000Z,4070931748007
2024-03-01T00:01:14.621000Z,BTCUSDT,61273.60000000,61273.70000000,7.37700000,0.02900000,2024-03-01T00:01:14.621000Z,2024-03-01T00:01:14.627000Z,4070931843350
2024-03-01T00:01:15.732000Z,BTCUSDT,61273.60000000,61273.70000000,5.94100000,2.86700000,2024-03-01T00:01:15.732000Z,2024-03-01T00:01:15.736000Z,4070931919345
2024-03-01T00:01:16.752000Z,BTCUSDT,61273.60000000,61273.70000000,6.12800000,3.49000000,2024-03-01T00:01:16.752000Z,2024-03-01T00:01:16.757000Z,4070931980967
2024-03-01T00:01:17.764000Z,BTCUSDT,61273.60000000,61273.70000000,5.26600000,2.78500000,2024-03-01T00:01:17.764000Z,2024-03-01T00:01:17.769000Z,4070932063104
2024-03-01T00:01:18.771000Z,BTCUSDT,61273.70000000,61273.80000000,9.61500000,4.71900000,2024-03-01T00:01:18.771000Z,2024-03-01T00:01:18.776000Z,4070932140055
2024-03-01T00:01:19.780000Z,BTCUSDT,61273.70000000,61273.80000000,9.57000000,3.67600000,2024-03-01T00:01:19.780000Z,2024-03-01T00:01:19.785000Z,4070932202689
2024-03-01T00:01:20.787000Z,BTCUSDT,61273.70000000,61273.80000000,10.11700000,4.49400000,2024-03-01T00:01:20.787000Z,2024-03-01T00:01:20.793000Z,4070932264540
2024-03-01T00:01:21.803000Z,BTCUSDT,61273.70000000,61273.80000000,10.23100000,1.78500000,2024-03-01T00:01:21.803000Z,2024-03-01T00:01:21.809000Z,4070932395135
2024-03-01T00:01:22.803000Z,BTCUSDT,61276.70000000,61276.80000000,6.74700000,1.77800000,2024-03-01T00:01:22.803000Z,2024-03-01T00:01:22.818000Z,4070932524802
2024-03-01T00:01:23.803000Z,BTCUSDT,61296.50000000,61296.60000000,3.29200000,5.55300000,2024-03-01T00:01:23.803000Z,2024-03-01T00:01:23.809000Z,4070932669099
2024-03-01T00:01:24.803000Z,BTCUSDT,61296.50000000,61296.60000000,2.67500000,5.00700000,2024-03-01T00:01:24.803000Z,2024-03-01T00:01:24.813000Z,4070932745740
2024-03-01T00:01:25.887000Z,BTCUSDT,61296.50000000,61296.60000000,4.03100000,4.62500000,2024-03-01T00:01:25.887000Z,2024-03-01T00:01:25.892000Z,4070932814867
2024-03-01T00:01:26.904000Z,BTCUSDT,61276.80000000,61276.90000000,2.70900000,3.92600000,2024-03-01T00:01:26.904000Z,2024-03-01T00:01:26.910000Z,4070933030657
2024-03-01T00:01:27.912000Z,BTCUSDT,61276.80000000,61276.90000000,3.66000000,3.65100000,2024-03-01T00:01:27.912000Z,2024-03-01T00:01:27.916000Z,4070933117582
2024-03-01T00:01:28.978000Z,BTCUSDT,61276.80000000,61276.90000000,2.43500000,6.76100000,2024-03-01T00:01:28.978000Z,2024-03-01T00:01:28.984000Z,4070933189138
2024-03-01T00:01:29.985000Z,BTCUSDT,61276.80000000,61276.90000000,1.28700000,6.45400000,2024-03-01T00:01:29.985000Z,2024-03-01T00:01:29.992000Z,4070933284957
2024-03-01T00:01:30.998000Z,BTCUSDT,61250.20000000,61250.30000000,3.61800000,4.11500000,2024-03-01T00:01:30.998000Z,2024-03-01T00:01:31.005000Z,4070933499628
2024-03-01T00:01:32.004000Z,BTCUSDT,61250.20000000,61250.30000000,2.33200000,2.54000000,2024-03-01T00:01:32.004000Z,2024-03-01T00:01:32.010000Z,4070933582911
2024-03-01T00:01:33.021000Z,BTCUSDT,61250.20000000,61250.30000000,4.27900000,3.08800000,2024-03-01T00:01:33.021000Z,2024-03-01T00:01:33.028000Z,4070933654612
2024-03-01T00:01:34.033000Z,BTCUSDT,61250.20000000,61250.30000000,3.84200000,2.36000000,2024-03-01T00:01:34.033000Z,2024-03-01T00:01:34.038000Z,4070933715583
2024-03-01T00:01:35.066000Z,BTCUSDT,61250.20000000,61250.30000000,2.11200000,3.42300000,2024-03-01T00:01:35.066000Z,2024-03-01T00:01:35.072000Z,4070933793767
2024-03-01T00:01:36.068000Z,BTCUSDT,61250.20000000,61250.30000000,1.81500000,4.00800000,2024-03-01T00:01:36.068000Z,2024-03-01T00:01:36.074000Z,4070933880294
2024-03-01T00:01:37.068000Z,BTCUSDT,61239.00000000,61239.10000000,1.97200000,2.85900000,2024-03-01T00:01:37.068000Z,2024-03-01T00:01:37.075000Z,4070934039943
2024-03-01T00:01:38.073000Z,BTCUSDT,61249.60000000,61249.70000000,3.53400000,1.09400000,2024-03-01T00:01:38.073000Z,2024-03-01T00:01:38.079000Z,4070934118518
2024-03-01T00:01:39.141000Z,BTCUSDT,61238.60000000,61238.70000000,1.87800000,3.79600000,2024-03-01T00:01:39.141000Z,2024-03-01T00:01:39.146000Z,4070934220608
2024-03-01T00:01:40.175000Z,BTCUSDT,61238.60000000,61238.70000000,2.78400000,2.98700000,2024-03-01T00:01:40.175000Z,2024-03-01T00:01:40.182000Z,4070934286493
2024-03-01T00:01:41.227000Z,BTCUSDT,61238.60000000,61238.70000000,3.30900000,3.74100000,2024-03-01T00:01:41.227000Z,2024-03-01T00:01:41.232000Z,4070934366468
2024-03-01T00:01:42.237000Z,BTCUSDT,61238.60000000,61238.70000000,2.79300000,2.66100000,2024-03-01T00:01:42.237000Z,2024-03-01T00:01:42.242000Z,4070934431857
2024-03-01T00:01:43.240000Z,BTCUSDT,61238.60000000,61238.70000000,2.78700000,2.44700000,2024-03-01T00:01:43.240000Z,2024-03-01T00:01:43.246000Z,4070934485962
2024-03-01T00:01:44.241000Z,BTCUSDT,61238.60000000,61238.70000000,6.56300000,0.01300000,2024-03-01T00:01:44.241000Z,2024-03-01T00:01:44.246000Z,4070934591843
2024-03-01T00:01:45.245000Z,BTCUSDT,61247.20000000,61247.30000000,10.00400000,0.39400000,2024-03-01T00:01:45.245000Z,2024-03-01T00:01:45.251000Z,4070934710264
2024-03-01T00:01:46.245000Z,BTCUSDT,61247.20000000,61247.30000000,8.37700000,0.82700000,2024-03-01T00:01:46.245000Z,2024-03-01T00:01:46.250000Z,4070934768896
2024-03-01T00:01:47.267000Z,BTCUSDT,61247.20000000,61247.30000000,10.04000000,1.18500000,2024-03-01T00:01:47.267000Z,2024-03-01T00:01:47.271000Z,4070934825361
2024-03-01T00:01:48.293000Z,BTCUSDT,61247.20000000,61247.30000000,9.67000000,0.41500000,2024-03-01T00:01:48.293000Z,2024-03-01T00:01:48.299000Z,4070934881472
2024-03-01T00:01:49.317000Z,BTCUSDT,61250.00000000,61250.10000000,11.97600000,0.50100000,2024-03-01T00:01:49.317000Z,2024-03-01T00:01:49.324000Z,4070935003494
2024-03-01T00:01:50.317000Z,BTCUSDT,61255.90000000,61256.00000000,7.45700000,0.72900000,2024-03-01T00:01:50.317000Z,2024-03-01T00:01:50.324000Z,4070935106893
2024-03-01T00:01:51.336000Z,BTCUSDT,61255.90000000,61256.00000000,5.78000000,0.43200000,2024-03-01T00:01:51.336000Z,2024-03-01T00:01:51.343000Z,4070935203545
2024-03-01T00:01:52.349000Z,BTCUSDT,61256.20000000,61256.30000000,5.41100000,5.60800000,2024-03-01T00:01:52.349000Z,2024-03-01T00:01:52.354000Z,4070935277599
2024-03-01T00:01:53.353000Z,BTCUSDT,61260.30000000,61260.40000000,9.28200000,1.64100000,2024-03-01T00:01:53.353000Z,2024-03-01T00:01:53.357000Z,4070935356750
2024-03-01T00:01:54.363000Z,BTCUSDT,61260.50000000,61260.60000000,6.05400000,2.67000000,2024-03-01T00:01:54.363000Z,2024-03-01T00:01:54.368000Z,4070935454814
2024-03-01T00:01:55.383000Z,BTCUSDT,61260.50000000,61260.60000000,5.53700000,1.33100000,2024-03-01T00:01:55.383000Z,2024-03-01T00:01:55.387000Z,4070935515585
2024-03-01T00:01:56.384000Z,BTCUSDT,61256.20000000,61256.30000000,5.27100000,2.08000000,2024-03-01T00:01:56.384000Z,2024-03-01T00:01:56.389000Z,4070935609132
2024-03-01T00:01:57.387000Z,BTCUSDT,61258.70000000,61258.80000000,7.73800000,1.10200000,2024-03-01T00:01:57.387000Z,2024-03-01T00:01:57.393000Z,4070935698078
2024-03-01T00:01:58.400000Z,BTCUSDT,61260.40000000,61260.50000000,2.40200000,2.56100000,2024-03-01T00:01:58.400000Z,2024-03-01T00:01:58.405000Z,4070935790343
2024-03-01T00:01:59.400000Z,BTCUSDT,61254.50000000,61254.60000000,3.07700000,4.39200000,2024-03-01T00:01:59.400000Z,2024-03-01T00:01:59.406000Z,4070935865499
2024-03-01T00:02:00.400000Z,BTCUSDT,61257.40000000,61257.50000000,1.55100000,0.00500000,2024-03-01T00:02:00.400000Z,2024-03-01T00:02:00.407000Z,4070935953175
2024-03-01T00:02:01.400000Z,BTCUSDT,61260.40000000,61260.50000000,1.97200000,2.66900000,2024-03-01T00:02:01.400000Z,2024-03-01T00:02:01.407000Z,4070936065501
2024-03-01T00:02:02.400000Z,BTCUSDT,61260.40000000,61260.50000000,4.03400000,3.90600000,2024-03-01T00:02:02.400000Z,2024-03-01T00:02:02.408000Z,4070936163451
2024-03-01T00:02:03.402000Z,BTCUSDT,61260.90000000,61261.00000000,8.03200000,2.40200000,2024-03-01T00:02:03.402000Z,2024-03-01T00:02:03.407000Z,4070936260294
2024-03-01T00:02:04.469000Z,BTCUSDT,61260.90000000,61261.00000000,9.22000000,1.44400000,2024-03-01T00:02:04.469000Z,2024-03-01T00:02:04.476000Z,4070936378892
2024-03-01T00:02:05.477000Z,BTCUSDT,61260.90000000,61261.00000000,8.09700000,6.24500000,2024-03-01T00:02:05.477000Z,2024-03-01T00:02:05.485000Z,4070936474532
2024-03-01T00:02:06.504000Z,BTCUSDT,61269.70000000,61269.80000000,7.16900000,0.38500000,2024-03-01T00:02:06.504000Z,2024-03-01T00:02:06.513000Z,4070936629570
2024-03-01T00:02:07.528000Z,BTCUSDT,61277.70000000,61277.80000000,7.45100000,0.24300000,2024-03-01T00:02:07.528000Z,2024-03-01T00:02:07.535000Z,4070936748867
2024-03-01T00:02:08.556000Z,BTCUSDT,61277.70000000,61277.80000000,3.93500000,2.15200000,2024-03-01T00:02:08.556000Z,2024-03-01T00:02:08.561000Z,4070936837970
2024-03-01T00:02:09.576000Z,BTCUSDT,61277.70000000,61277.80000000,5.12700000,1.53000000,2024-03-01T00:02:09.576000Z,2024-03-01T00:02:09.583000Z,4070936905414
2024-03-01T00:02:10.590000Z,BTCUSDT,61265.70000000,61265.80000000,0.97400000,6.77300000,2024-03-01T00:02:10.590000Z,2024-03-01T00:02:10.595000Z,4070937087195
2024-03-01T00:02:11.619000Z,BTCUSDT,61265.70000000,61265.80000000,4.72800000,1.94500000,2024-03-01T00:02:11.619000Z,2024-03-01T00:02:11.624000Z,4070937187894
2024-03-01T00:02:12.622000Z,BTCUSDT,61265.70000000,61265.80000000,6.14700000,1.91200000,2024-03-01T00:02:12.622000Z,2024-03-01T00:02:12.626000Z,4070937328753
2024-03-01T00:02:13.625000Z,BTCUSDT,61265.70000000,61265.80000000,7.33400000,1.14100000,2024-03-01T00:02:13.625000Z,2024-03-01T00:02:13.631000Z,4070937444854
2024-03-01T00:02:14.651000Z,BTCUSDT,61266.10000000,61266.20000000,10.66700000,1.41700000,2024-03-01T00:02:14.651000Z,2024-03-01T00:02:14.655000Z,4070937522167
2024-03-01T00:02:15.651000Z,BTCUSDT,61269.60000000,61269.70000000,11.66900000,1.93700000,2024-03-01T00:02:15.651000Z,2024-03-01T00:02:15.656000Z,4070937609531
2024-03-01T00:02:16.651000Z,BTCUSDT,61269.60000000,61269.70000000,12.62200000,2.14800000,2024-03-01T00:02:16.651000Z,2024-03-01T00:02:16.657000Z,4070937692129
2024-03-01T00:02:17.679000Z,BTCUSDT,61277.60000000,61277.70000000,3.42900000,6.64900000,2024-03-01T00:02:17.679000Z,2024-03-01T00:02:17.682000Z,4070937793457
2024-03-01T00:02:18.683000Z,BTCUSDT,61277.60000000,61277.70000000,3.85800000,5.54500000,2024-03-01T00:02:18.683000Z,2024-03-01T00:02:18.688000Z,4070937855300
2024-03-01T00:02:19.706000Z,BTCUSDT,61273.00000000,61273.10000000,3.39700000,4.80600000,2024-03-01T00:02:19.706000Z,2024-03-01T00:02:19.715000Z,4070937991215
2024-03-01T00:02:20.797000Z,BTCUSDT,61273.00000000,61273.10000000,3.58700000,3.53100000,2024-03-01T00:02:20.797000Z,2024-03-01T00:02:20.804000Z,4070938070215
2024-03-01T00:02:21.797000Z,BTCUSDT,61273.00000000,61273.10000000,3.75400000,3.34000000,2024-03-01T00:02:21.797000Z,2024-03-01T00:02:21.804000Z,4070938179929
2024-03-01T00:02:22.858000Z,BTCUSDT,61273.00000000,61273.10000000,3.48300000,4.28400000,2024-03-01T00:02:22.858000Z,2024-03-01T00:02:22.864000Z,4070938278528
2024-03-01T00:02:23.858000Z,BTCUSDT,61269.60000000,61269.70000000,1.43200000,6.93900000,2024-03-01T00:02:23.858000Z,2024-03-01T00:02:23.863000Z,4070938362161
2024-03-01T00:02:24.862000Z,BTCUSDT,61262.00000000,61262.10000000,0.56100000,16.96900000,2024-03-01T00:02:24.862000Z,2024-03-01T00:02:24.868000Z,4070938493354
2024-03-01T00:02:25.908000Z,BTCUSDT,61262.00000000,61262.10000000,0.34000000,15.94400000,2024-03-01T00:02:25.908000Z,2024-03-01T00:02:25.915000Z,4070938596606
2024-03-01T00:02:26.919000Z,BTCUSDT,61253.30000000,61253.40000000,0.04500000,4.54600000,2024-03-01T00:02:26.919000Z,2024-03-01T00:02:26.924000Z,4070938768388
2024-03-01T00:02:27.919000Z,BTCUSDT,61238.60000000,61238.70000000,2.94800000,1.39000000,2024-03-01T00:02:27.919000Z,2024-03-01T00:02:27.924000Z,4070938935097
2024-03-01T00:02:29.064000Z,BTCUSDT,61238.60000000,61238.70000000,3.48100000,3.11800000,2024-03-01T00:02:29.064000Z,2024-03-01T00:02:29.070000Z,4070939069466
2024-03-01T00:02:30.067000Z,BTCUSDT,61226.00000000,61226.10000000,0.74700000,8.46400000,2024-03-01T00:02:30.067000Z,2024-03-01T00:02:30.074000Z,4070939260412
2024-03-01T00:02:31.068000Z,BTCUSDT,61218.00000000,61218.10000000,0.91300000,15.33500000,2024-03-01T00:02:31.068000Z,2024-03-01T00:02:31.076000Z,4070939445142
2024-03-01T00:02:32.068000Z,BTCUSDT,61212.30000000,61212.40000000,3.70500000,1.08400000,2024-03-01T00:02:32.068000Z,2024-03-01T00:02:32.075000Z,4070939656493
2024-03-01T00:02:33.068000Z,BTCUSDT,61224.60000000,61224.70000000,4.13700000,1.06200000,2024-03-01T00:02:33.068000Z,2024-03-01T00:02:33.073000Z,4070939783412
2024-03-01T00:02:34.074000Z,BTCUSDT,61235.10000000,61235.20000000,3.21800000,4.75800000,2024-03-01T00:02:34.074000Z,2024-03-01T00:02:34.080000Z,4070939937824
2024-03-01T00:02:35.079000Z,BTCUSDT,61237.60000000,61237.70000000,3.01300000,5.01900000,2024-03-01T00:02:35.079000Z,2024-03-01T00:02:35.084000Z,4070940059397
2024-03-01T00:02:36.081000Z,BTCUSDT,61235.30000000,61235.40000000,0.06100000,4.96100000,2024-03-01T00:02:36.081000Z,2024-03-01T00:02:36.090000Z,4070940136309
2024-03-01T00:02:37.081000Z,BTCUSDT,61212.40000000,61212.50000000,0.10300000,10.16600000,2024-03-01T00:02:37.081000Z,2024-03-01T00:02:37.089000Z,4070940320821
2024-03-01T00:02:38.124000Z,BTCUSDT,61208.30000000,61208.40000000,6.08500000,0.70000000,2024-03-01T00:02:38.124000Z,2024-03-01T00:02:38.129000Z,4070940421145
2024-03-01T00:02:39.140000Z,BTCUSDT,61211.30000000,61211.40000000,5.21100000,0.60100000,2024-03-01T00:02:39.140000Z,2024-03-01T00:02:39.146000Z,4070940510017
2024-03-01T00:02:40.168000Z,BTCUSDT,61217.10000000,61217.20000000,2.41400000,7.61800000,2024-03-01T00:02:40.168000Z,2024-03-01T00:02:40.175000Z,4070940602474
2024-03-01T00:02:41.199000Z,BTCUSDT,61217.10000000,61217.20000000,3.25900000,5.25800000,2024-03-01T00:02:41.199000Z,2024-03-01T00:02:41.205000Z,4070940666217
2024-03-01T00:02:42.217000Z,BTCUSDT,61217.10000000,61217.20000000,5.00600000,2.76600000,2024-03-01T00:02:42.217000Z,2024-03-01T00:02:42.223000Z,4070940811395
2024-03-01T00:02:43.219000Z,BTCUSDT,61224.70000000,61224.80000000,11.63000000,0.47600000,2024-03-01T00:02:43.219000Z,2024-03-01T00:02:43.226000Z,4070940929457
2024-03-01T00:02:44.282000Z,BTCUSDT,61229.40000000,61229.50000000,0.43200000,2.99700000,2024-03-01T00:02:44.282000Z,2024-03-01T00:02:44.288000Z,4070941062629
2024-03-01T00:02:45.282000Z,BTCUSDT,61229.40000000,61229.50000000,3.79100000,1.78300000,2024-03-01T00:02:45.282000Z,2024-03-01T00:02:45.288000Z,4070941132807
2024-03-01T00:02:46.322000Z,BTCUSDT,61229.40000000,61229.50000000,4.11400000,1.51400000,2024-03-01T00:02:46.322000Z,2024-03-01T00:02:46.327000Z,4070941191769
2024-03-01T00:02:47.326000Z,BTCUSDT,61229.40000000,61229.50000000,2.71100000,5.31400000,2024-03-01T00:02:47.326000Z,2024-03-01T00:02:47.331000Z,4070941301397
2024-03-01T00:02:48.326000Z,BTCUSDT,61229.40000000,61229.50000000,2.12600000,5.60200000,2024-03-01T00:02:48.326000Z,2024-03-01T00:02:48.331000Z,4070941376284
2024-03-01T00:02:49.330000Z,BTCUSDT,61222.20000000,61222.30000000,1.22600000,9.27200000,2024-03-01T00:02:49.330000Z,2024-03-01T00:02:49.336000Z,4070941472664
2024-03-01T00:02:50.366000Z,BTCUSDT,61222.20000000,61222.30000000,0.23300000,8.93800000,2024-03-01T00:02:50.366000Z,2024-03-01T00:02:50.372000Z,4070941540157
2024-03-01T00:02:51.385000Z,BTCUSDT,61215.30000000,61215.40000000,3.38600000,3.30300000,2024-03-01T00:02:51.385000Z,2024-03-01T00:02:51.391000Z,4070941626998
2024-03-01T00:02:52.395000Z,BTCUSDT,61218.80000000,61218.90000000,6.43200000,0.00600000,2024-03-01T00:02:52.395000Z,2024-03-01T00:02:52.402000Z,4070941734271
2024-03-01T00:02:53.396000Z,BTCUSDT,61223.00000000,61223.10000000,4.47500000,4.86700000,2024-03-01T00:02:53.396000Z,2024-03-01T00:02:53.400000Z,4070941831670
2024-03-01T00:02:54.415000Z,BTCUSDT,61218.20000000,61218.30000000,1.88900000,4.69300000,2024-03-01T00:02:54.415000Z,2024-03-01T00:02:54.421000Z,4070941913641
2024-03-01T00:02:55.463000Z,BTCUSDT,61218.20000000,61218.30000000,3.10200000,3.67300000,2024-03-01T00:02:55.463000Z,2024-03-01T00:02:55.469000Z,4070941984946
2024-03-01T00:02:56.468000Z,BTCUSDT,61218.20000000,61218.30000000,1.81800000,4.82700000,2024-03-01T00:02:56.468000Z,2024-03-01T00:02:56.473000Z,4070942046612
2024-03-01T00:02:57.469000Z,BTCUSDT,61218.20000000,61218.30000000,2.77600000,3.52100000,2024-03-01T00:02:57.469000Z,2024-03-01T00:02:57.474000Z,4070942112021
2024-03-01T00:02:58.479000Z,BTCUSDT,61218.20000000,61218.30000000,1.74400000,4.92400000,2024-03-01T00:02:58.479000Z,2024-03-01T00:02:58.486000Z,4070942201822
2024-03-01T00:02:59.484000Z,BTCUSDT,61218.20000000,61218.30000000,1.25100000,5.61500000,2024-03-01T00:02:59.484000Z,2024-03-01T00:02:59.490000Z,4070942277825
2024-03-01T00:03:00.492000Z,BTCUSDT,61218.20000000,61218.30000000,1.94200000,4.22500000,2024-03-01T00:03:00.492000Z,2024-03-01T00:03:00.498000Z,4070942348201
2024-03-01T00:03:01.498000Z,BTCUSDT,61218.20000000,61218.30000000,1.81400000,3.98000000,2024-03-01T00:03:01.498000Z,2024-03-01T00:03:01.504000Z,4070942429649
2024-03-01T00:03:02.504000Z,BTCUSDT,61218.20000000,61218.30000000,2.67900000,3.76900000,2024-03-01T00:03:02.504000Z,2024-03-01T00:03:02.515000Z,4070942544247
2024-03-01T00:03:03.508000Z,BTCUSDT,61218.20000000,61218.30000000,3.44500000,4.17400000,2024-03-01T00:03:03.508000Z,2024-03-01T00:03:03.515000Z,4070942642594
2024-03-01T00:03:04.511000Z,BTCUSDT,61218.20000000,61218.30000000,3.46500000,4.04500000,2024-03-01T00:03:04.511000Z,2024-03-01T00:03:04.515000Z,4070942721511
2024-03-01T00:03:05.527000Z,BTCUSDT,61218.20000000,61218.30000000,4.47800000,3.86900000,2024-03-01T00:03:05.527000Z,2024-03-01T00:03:05.532000Z,4070942792050
2024-03-01T00:03:06.562000Z,BTCUSDT,61218.20000000,61218.30000000,3.08700000,4.88000000,2024-03-01T00:03:06.562000Z,2024-03-01T00:03:06.567000Z,4070942856145
2024-03-01T00:03:07.562000Z,BTCUSDT,61218.20000000,61218.30000000,3.23800000,3.93100000,2024-03-01T00:03:07.562000Z,2024-03-01T00:03:07.568000Z,4070942941722
2024-03-01T00:03:08.563000Z,BTCUSDT,61218.20000000,61218.30000000,3.50800000,5.15100000,2024-03-01T00:03:08.563000Z,2024-03-01T00:03:08.569000Z,4070943014137
2024-03-01T00:03:09.592000Z,BTCUSDT,61218.20000000,61218.30000000,3.26900000,5.15200000,2024-03-01T00:03:09.592000Z,2024-03-01T00:03:09.598000Z,4070943092962
2024-03-01T00:03:10.597000Z,BTCUSDT,61214.90000000,61215.00000000,0.00400000,2.98500000,2024-03-01T00:03:10.597000Z,2024-03-01T00:03:10.605000Z,4070943191319
2024-03-01T00:03:11.599000Z,BTCUSDT,61203.30000000,61203.40000000,0.18700000,7.78700000,2024-03-01T00:03:11.599000Z,2024-03-01T00:03:11.605000Z,4070943343578
2024-03-01T00:03:12.600000Z,BTCUSDT,61202.80000000,61202.90000000,4.82100000,3.21100000,2024-03-01T00:03:12.600000Z,2024-03-01T00:03:12.608000Z,4070943474536
2024-03-01T00:03:13.600000Z,BTCUSDT,61233.90000000,61234.00000000,0.16800000,0.00200000,2024-03-01T00:03:13.600000Z,2024-03-01T00:03:13.607000Z,4070943668158
2024-03-01T00:03:14.605000Z,BTCUSDT,61241.40000000,61241.50000000,0.82300000,9.92900000,2024-03-01T00:03:14.605000Z,2024-03-01T00:03:14.609000Z,4070943829770
2024-03-01T00:03:15.606000Z,BTCUSDT,61235.40000000,61235.50000000,4.94400000,4.13800000,2024-03-01T00:03:15.606000Z,2024-03-01T00:03:15.619000Z,4070943922625
2024-03-01T00:03:16.616000Z,BTCUSDT,61235.40000000,61235.50000000,3.05100000,4.22000000,2024-03-01T00:03:16.616000Z,2024-03-01T00:03:16.621000Z,4070944013885
2024-03-01T00:03:17.619000Z,BTCUSDT,61227.60000000,61227.70000000,7.11800000,1.63400000,2024-03-01T00:03:17.619000Z,2024-03-01T00:03:17.624000Z,4070944145161
2024-03-01T00:03:18.640000Z,BTCUSDT,61227.60000000,61227.70000000,6.67400000,1.80800000,2024-03-01T00:03:18.640000Z,2024-03-01T00:03:18.646000Z,4070944199955
2024-03-01T00:03:19.674000Z,BTCUSDT,61227.60000000,61227.70000000,6.95000000,1.86200000,2024-03-01T00:03:19.674000Z,2024-03-01T00:03:19.681000Z,4070944259105
2024-03-01T00:03:20.680000Z,BTCUSDT,61227.60000000,61227.70000000,0.86500000,4.95300000,2024-03-01T00:03:20.680000Z,2024-03-01T00:03:20.690000Z,4070944386003
2024-03-01T00:03:21.716000Z,BTCUSDT,61227.60000000,61227.70000000,0.76800000,4.13100000,2024-03-01T00:03:21.716000Z,2024-03-01T00:03:21.720000Z,4070944510799
2024-03-01T00:03:22.734000Z,BTCUSDT,61227.60000000,61227.70000000,3.06600000,2.94600000,2024-03-01T00:03:22.734000Z,2024-03-01T00:03:22.738000Z,4070944611644
2024-03-01T00:03:23.776000Z,BTCUSDT,61227.60000000,61227.70000000,2.95200000,2.75600000,2024-03-01T00:03:23.776000Z,2024-03-01T00:03:23.781000Z,4070944672624
2024-03-01T00:03:24.776000Z,BTCUSDT,61227.60000000,61227.70000000,3.94800000,2.38800000,2024-03-01T00:03:24.776000Z,2024-03-01T00:03:24.780000Z,4070944730251
2024-03-01T00:03:25.859000Z,BTCUSDT,61227.60000000,61227.70000000,0.71500000,3.92200000,2024-03-01T00:03:25.859000Z,2024-03-01T00:03:25.863000Z,4070944808305
2024-03-01T00:03:26.892000Z,BTCUSDT,61227.60000000,61227.70000000,0.68800000,4.08600000,2024-03-01T00:03:26.892000Z,2024-03-01T00:03:26.897000Z,4070944875304
2024-03-01T00:03:27.932000Z,BTCUSDT,61227.60000000,61227.70000000,1.85800000,3.88000000,2024-03-01T00:03:27.932000Z,2024-03-01T00:03:27.936000Z,4070944936000
2024-03-01T00:03:28.940000Z,BTCUSDT,61227.60000000,61227.70000000,3.63400000,2.01900000,2024-03-01T00:03:28.940000Z,2024-03-01T00:03:28.945000Z,4070945012717
2024-03-01T00:03:29.945000Z,BTCUSDT,61227.60000000,61227.70000000,2.86100000,2.01000000,2024-03-01T00:03:29.945000Z,2024-03-01T00:03:29.949000Z,4070945065833
2024-03-01T00:03:30.952000Z,BTCUSDT,61233.20000000,61233.30000000,7.91000000,0.57600000,2024-03-01T00:03:30.952000Z,2024-03-01T00:03:30.959000Z,4070945146414
2024-03-01T00:03:31.985000Z,BTCUSDT,61239.40000000,61239.50000000,5.66900000,3.51400000,2024-03-01T00:03:31.985000Z,2024-03-01T00:03:31.992000Z,4070945229350
2024-03-01T00:03:33.001000Z,BTCUSDT,61245.30000000,61245.40000000,5.02700000,5.19500000,2024-03-01T00:03:33.001000Z,2024-03-01T00:03:33.006000Z,4070945325434
2024-03-01T00:03:34.016000Z,BTCUSDT,61245.30000000,61245.40000000,2.72500000,5.45700000,2024-03-01T00:03:34.016000Z,2024-03-01T00:03:34.023000Z,4070945391313
2024-03-01T00:03:35.017000Z,BTCUSDT,61245.30000000,61245.40000000,3.80700000,6.21800000,2024-03-01T00:03:35.017000Z,2024-03-01T00:03:35.024000Z,4070945452376
2024-03-01T00:03:36.018000Z,BTCUSDT,61245.30000000,61245.40000000,4.24700000,3.23500000,2024-03-01T00:03:36.018000Z,2024-03-01T00:03:36.023000Z,4070945546088
2024-03-01T00:03:37.026000Z,BTCUSDT,61248.60000000,61248.70000000,1.52100000,0.01500000,2024-03-01T00:03:37.026000Z,2024-03-01T00:03:37.037000Z,4070945610484
2024-03-01T00:03:38.039000Z,BTCUSDT,61256.30000000,61256.40000000,9.17800000,0.05000000,2024-03-01T00:03:38.039000Z,2024-03-01T00:03:38.044000Z,4070945755198
2024-03-01T00:03:39.040000Z,BTCUSDT,61258.20000000,61258.30000000,9.89400000,1.24900000,2024-03-01T00:03:39.040000Z,2024-03-01T00:03:39.046000Z,4070945823707
2024-03-01T00:03:40.044000Z,BTCUSDT,61258.20000000,61258.30000000,9.28000000,0.80700000,2024-03-01T00:03:40.044000Z,2024-03-01T00:03:40.051000Z,4070945886345
2024-03-01T00:03:41.049000Z,BTCUSDT,61258.20000000,61258.30000000,9.13400000,1.98700000,2024-03-01T00:03:41.049000Z,2024-03-01T00:03:41.054000Z,4070945972539
2024-03-01T00:03:42.055000Z,BTCUSDT,61258.20000000,61258.30000000,9.00800000,0.03100000,2024-03-01T00:03:42.055000Z,2024-03-01T00:03:42.062000Z,4070946029202
2024-03-01T00:03:43.061000Z,BTCUSDT,61261.20000000,61261.30000000,5.06300000,2.45300000,2024-03-01T00:03:43.061000Z,2024-03-01T00:03:43.066000Z,4070946081813
2024-03-01T00:03:44.062000Z,BTCUSDT,61261.20000000,61261.30000000,2.34200000,6.88200000,2024-03-01T00:03:44.062000Z,2024-03-01T00:03:44.069000Z,4070946148520
2024-03-01T00:03:45.071000Z,BTCUSDT,61246.20000000,61246.30000000,2.88700000,1.94200000,2024-03-01T00:03:45.071000Z,2024-03-01T00:03:45.077000Z,4070946299020
2024-03-01T00:03:46.073000Z,BTCUSDT,61245.40000000,61245.50000000,0.53000000,13.76200000,2024-03-01T00:03:46.073000Z,2024-03-01T00:03:46.078000Z,4070946382999
2024-03-01T00:03:47.075000Z,BTCUSDT,61236.30000000,61236.40000000,2.37700000,4.82600000,2024-03-01T00:03:47.075000Z,2024-03-01T00:03:47.080000Z,4070946490717
2024-03-01T00:03:48.082000Z,BTCUSDT,61236.30000000,61236.40000000,2.12000000,5.67500000,2024-03-01T00:03:48.082000Z,2024-03-01T00:03:48.087000Z,4070946555276
2024-03-01T00:03:49.082000Z,BTCUSDT,61236.30000000,61236.40000000,2.03100000,4.72800000,2024-03-01T00:03:49.082000Z,2024-03-01T00:03:49.086000Z,4070946617295
2024-03-01T00:03:50.095000Z,BTCUSDT,61236.30000000,61236.40000000,3.42000000,4.69000000,2024-03-01T00:03:50.095000Z,2024-03-01T00:03:50.099000Z,4070946694225
2024-03-01T00:03:51.099000Z,BTCUSDT,61236.30000000,61236.40000000,2.54700000,5.23800000,2024-03-01T00:03:51.099000Z,2024-03-01T00:03:51.104000Z,4070946760335
2024-03-01T00:03:52.107000Z,BTCUSDT,61236.30000000,61236.40000000,2.51200000,5.32400000,2024-03-01T00:03:52.107000Z,2024-03-01T00:03:52.115000Z,4070946829469
2024-03-01T00:03:53.144000Z,BTCUSDT,61236.30000000,61236.40000000,3.87500000,4.59700000,2024-03-01T00:03:53.144000Z,2024-03-01T00:03:53.149000Z,4070946887249
2024-03-01T00:03:54.148000Z,BTCUSDT,61237.70000000,61237.80000000,7.90700000,2.24500000,2024-03-01T00:03:54.148000Z,2024-03-01T00:03:54.154000Z,4070947029819
2024-03-01T00:03:55.148000Z,BTCUSDT,61237.70000000,61237.80000000,8.27900000,1.79800000,2024-03-01T00:03:55.148000Z,2024-03-01T00:03:55.155000Z,4070947110337
2024-03-01T00:03:56.162000Z,BTCUSDT,61237.70000000,61237.80000000,4.52700000,3.09400000,2024-03-01T00:03:56.162000Z,2024-03-01T00:03:56.166000Z,4070947206101
2024-03-01T00:03:57.175000Z,BTCUSDT,61237.70000000,61237.80000000,4.09600000,4.17400000,2024-03-01T00:03:57.175000Z,2024-03-01T00:03:57.182000Z,4070947262262
2024-03-01T00:03:58.183000Z,BTCUSDT,61237.70000000,61237.80000000,3.88500000,4.98300000,2024-03-01T00:03:58.183000Z,2024-03-01T00:03:58.187000Z,4070947312056
2024-03-01T00:03:59.202000Z,BTCUSDT,61237.70000000,61237.80000000,3.78000000,5.15500000,2024-03-01T00:03:59.202000Z,2024-03-01T00:03:59.206000Z,4070947353187
2024-03-01T00:04:00.202000Z,BTCUSDT,61237.70000000,61237.80000000,4.81300000,2.39400000,2024-03-01T00:04:00.202000Z,2024-03-01T00:04:00.206000Z,4070947407153
2024-03-01T00:04:01.220000Z,BTCUSDT,61237.70000000,61237.80000000,5.14900000,2.70800000,2024-03-01T00:04:01.220000Z,2024-03-01T00:04:01.227000Z,4070947474531
2024-03-01T00:04:02.274000Z,BTCUSDT,61237.70000000,61237.80000000,6.19700000,1.71100000,2024-03-01T00:04:02.274000Z,2024-03-01T00:04:02.278000Z,4070947557067
2024-03-01T00:04:03.275000Z,BTCUSDT,61247.10000000,61247.20000000,10.41200000,0.91900000,2024-03-01T00:04:03.275000Z,2024-03-01T00:04:03.280000Z,4070947671669
2024-03-01T00:04:04.279000Z,BTCUSDT,61247.10000000,61247.20000000,9.30500000,5.05900000,2024-03-01T00:04:04.279000Z,2024-03-01T00:04:04.285000Z,4070947761315
2024-03-01T00:04:05.281000Z,BTCUSDT,61240.00000000,61240.90000000,0.00200000,2.05700000,2024-03-01T00:04:05.281000Z,2024-03-01T00:04:05.286000Z,4070947903385
2024-03-01T00:04:06.297000Z,BTCUSDT,61236.40000000,61236.50000000,0.01000000,8.40300000,2024-03-01T00:04:06.297000Z,2024-03-01T00:04:06.303000Z,4070948019380
2024-03-01T00:04:07.302000Z,BTCUSDT,61236.40000000,61236.50000000,0.05000000,5.56400000,2024-03-01T00:04:07.302000Z,2024-03-01T00:04:07.309000Z,4070948103008
2024-03-01T00:04:08.324000Z,BTCUSDT,61235.00000000,61235.10000000,0.05900000,9.24100000,2024-03-01T00:04:08.324000Z,2024-03-01T00:04:08.334000Z,4070948203224
2024-03-01T00:04:09.367000Z,BTCUSDT,61232.00000000,61232.10000000,1.80300000,4.33600000,2024-03-01T00:04:09.367000Z,2024-03-01T00:04:09.374000Z,4070948322996
2024-03-01T00:04:10.496000Z,BTCUSDT,61232.00000000,61232.10000000,2.27300000,4.16900000,2024-03-01T00:04:10.496000Z,2024-03-01T00:04:10.501000Z,4070948385601
2024-03-01T00:04:11.517000Z,BTCUSDT,61232.00000000,61232.10000000,1.61200000,4.42500000,2024-03-01T00:04:11.517000Z,2024-03-01T00:04:11.522000Z,4070948456708
2024-03-01T00:04:12.519000Z,BTCUSDT,61224.30000000,61224.40000000,1.18300000,8.61800000,2024-03-01T00:04:12.519000Z,2024-03-01T00:04:12.522000Z,4070948616428
2024-03-01T00:04:13.522000Z,BTCUSDT,61222.00000000,61222.10000000,3.89600000,2.80600000,2024-03-01T00:04:13.522000Z,2024-03-01T00:04:13.528000Z,4070948726529
2024-03-01T00:04:14.583000Z,BTCUSDT,61228.10000000,61228.20000000,7.70600000,4.25100000,2024-03-01T00:04:14.583000Z,2024-03-01T00:04:14.589000Z,4070948830195
2024-03-01T00:04:15.594000Z,BTCUSDT,61228.10000000,61228.20000000,7.08800000,6.85800000,2024-03-01T00:04:15.594000Z,2024-03-01T00:04:15.599000Z,4070948895126
2024-03-01T00:04:16.625000Z,BTCUSDT,61228.10000000,61228.20000000,4.54000000,5.22300000,2024-03-01T00:04:16.625000Z,2024-03-01T00:04:16.632000Z,4070948957022
2024-03-01T00:04:17.639000Z,BTCUSDT,61228.10000000,61228.20000000,3.98800000,6.83200000,2024-03-01T00:04:17.639000Z,2024-03-01T00:04:17.645000Z,4070949016154
2024-03-01T00:04:18.640000Z,BTCUSDT,61228.10000000,61228.20000000,4.60800000,4.45200000,2024-03-01T00:04:18.640000Z,2024-03-01T00:04:18.647000Z,4070949081503
2024-03-01T00:04:19.662000Z,BTCUSDT,61228.10000000,61228.20000000,4.09000000,5.56300000,2024-03-01T00:04:19.662000Z,2024-03-01T00:04:19.668000Z,4070949152844
2024-03-01T00:04:20.734000Z,BTCUSDT,61228.10000000,61228.20000000,3.20700000,6.14100000,2024-03-01T00:04:20.734000Z,2024-03-01T00:04:20.739000Z,4070949223932
2024-03-01T00:04:21.900000Z,BTCUSDT,61228.10000000,61228.20000000,4.29800000,3.31400000,2024-03-01T00:04:21.900000Z,2024-03-01T00:04:21.907000Z,4070949307886
2024-03-01T00:04:22.901000Z,BTCUSDT,61228.10000000,61228.20000000,4.59900000,1.85900000,2024-03-01T00:04:22.901000Z,2024-03-01T00:04:22.907000Z,4070949378929
2024-03-01T00:04:23.909000Z,BTCUSDT,61236.00000000,61236.10000000,12.38900000,0.37900000,2024-03-01T00:04:23.909000Z,2024-03-01T00:04:23.915000Z,4070949480938
2024-03-01T00:04:24.970000Z,BTCUSDT,61241.90000000,61242.00000000,7.26900000,0.26300000,2024-03-01T00:04:24.970000Z,2024-03-01T00:04:24.976000Z,4070949576395
2024-03-01T00:04:26.062000Z,BTCUSDT,61241.90000000,61242.00000000,7.65800000,1.34900000,2024-03-01T00:04:26.062000Z,2024-03-01T00:04:26.068000Z,4070949657975
2024-03-01T00:04:27.070000Z,BTCUSDT,61241.90000000,61242.00000000,7.01100000,1.90800000,2024-03-01T00:04:27.070000Z,2024-03-01T00:04:27.075000Z,4070949726999
2024-03-01T00:04:28.071000Z,BTCUSDT,61247.30000000,61247.40000000,0.80200000,8.40500000,2024-03-01T00:04:28.071000Z,2024-03-01T00:04:28.077000Z,4070949845871
2024-03-01T00:04:29.104000Z,BTCUSDT,61247.30000000,61247.40000000,0.13500000,6.71300000,2024-03-01T00:04:29.104000Z,2024-03-01T00:04:29.112000Z,4070949925146
2024-03-01T00:04:30.112000Z,BTCUSDT,61247.30000000,61247.40000000,0.91400000,6.06700000,2024-03-01T00:04:30.112000Z,2024-03-01T00:04:30.118000Z,4070949991953
2024-03-01T00:04:31.122000Z,BTCUSDT,61243.70000000,61243.80000000,3.52200000,6.98800000,2024-03-01T00:04:31.122000Z,2024-03-01T00:04:31.128000Z,4070950089804
2024-03-01T00:04:32.140000Z,BTCUSDT,61243.70000000,61243.80000000,0.11500000,7.02100000,2024-03-01T00:04:32.140000Z,2024-03-01T00:04:32.147000Z,4070950207571
2024-03-01T00:04:33.207000Z,BTCUSDT,61240.00000000,61240.10000000,0.95000000,5.16200000,2024-03-01T00:04:33.207000Z,2024-03-01T00:04:33.216000Z,4070950331791
2024-03-01T00:04:34.219000Z,BTCUSDT,61240.00000000,61240.10000000,1.81300000,5.64300000,2024-03-01T00:04:34.219000Z,2024-03-01T00:04:34.224000Z,4070950401180
2024-03-01T00:04:35.224000Z,BTCUSDT,61240.00000000,61240.10000000,1.99500000,4.64000000,2024-03-01T00:04:35.224000Z,2024-03-01T00:04:35.229000Z,4070950455282
2024-03-01T00:04:36.234000Z,BTCUSDT,61240.00000000,61240.10000000,1.50200000,4.48200000,2024-03-01T00:04:36.234000Z,2024-03-01T00:04:36.238000Z,4070950525024
2024-03-01T00:04:37.243000Z,BTCUSDT,61240.00000000,61240.10000000,1.99100000,4.53000000,2024-03-01T00:04:37.243000Z,2024-03-01T00:04:37.247000Z,4070950578806
2024-03-01T00:04:38.243000Z,BTCUSDT,61235.80000000,61235.90000000,0.00100000,7.96600000,2024-03-01T00:04:38.243000Z,2024-03-01T00:04:38.250000Z,4070950664153
2024-03-01T00:04:39.262000Z,BTCUSDT,61229.20000000,61229.30000000,2.21500000,8.64600000,2024-03-01T00:04:39.262000Z,2024-03-01T00:04:39.268000Z,4070950778711
2024-03-01T00:04:40.281000Z,BTCUSDT,61229.20000000,61229.30000000,3.03000000,9.24800000,2024-03-01T00:04:40.281000Z,2024-03-01T00:04:40.286000Z,4070950864732
2024-03-01T00:04:41.298000Z,BTCUSDT,61223.40000000,61223.50000000,2.19600000,9.50600000,2024-03-01T00:04:41.298000Z,2024-03-01T00:04:41.304000Z,4070950954179
2024-03-01T00:04:42.308000Z,BTCUSDT,61221.70000000,61221.80000000,1.33800000,8.20700000,2024-03-01T00:04:42.308000Z,2024-03-01T00:04:42.318000Z,4070951025065
2024-03-01T00:04:43.308000Z,BTCUSDT,61220.50000000,61220.60000000,0.03900000,10.55200000,2024-03-01T00:04:43.308000Z,2024-03-01T00:04:43.313000Z,4070951106588
2024-03-01T00:04:44.308000Z,BTCUSDT,61219.40000000,61219.50000000,0.07700000,9.41400000,2024-03-01T00:04:44.308000Z,2024-03-01T00:04:44.319000Z,4070951181731
2024-03-01T00:04:45.318000Z,BTCUSDT,61211.30000000,61211.40000000,0.01800000,10.97000000,2024-03-01T00:04:45.318000Z,2024-03-01T00:04:45.324000Z,4070951283353
2024-03-01T00:04:46.347000Z,BTCUSDT,61210.60000000,61210.70000000,2.34600000,8.43600000,2024-03-01T00:04:46.347000Z,2024-03-01T00:04:46.353000Z,4070951382889
2024-03-01T00:04:47.387000Z,BTCUSDT,61210.60000000,61210.70000000,4.34300000,4.63200000,2024-03-01T00:04:47.387000Z,2024-03-01T00:04:47.392000Z,4070951473685
2024-03-01T00:04:48.412000Z,BTCUSDT,61210.60000000,61210.70000000,5.12000000,5.56600000,2024-03-01T00:04:48.412000Z,2024-03-01T00:04:48.418000Z,4070951536554
2024-03-01T00:04:49.412000Z,BTCUSDT,61210.60000000,61210.70000000,5.03000000,3.79300000,2024-03-01T00:04:49.412000Z,2024-03-01T00:04:49.417000Z,4070951595482
2024-03-01T00:04:50.417000Z,BTCUSDT,61210.60000000,61210.70000000,2.25500000,31.89000000,2024-03-01T00:04:50.417000Z,2024-03-01T00:04:50.422000Z,4070951663227
2024-03-01T00:04:51.426000Z,BTCUSDT,61210.60000000,61210.70000000,2.41900000,31.95500000,2024-03-01T00:04:51.426000Z,2024-03-01T00:04:51.433000Z,4070951727583
2024-03-01T00:04:52.430000Z,BTCUSDT,61210.60000000,61210.70000000,2.01200000,31.79400000,2024-03-01T00:04:52.430000Z,2024-03-01T00:04:52.437000Z,4070951791006
2024-03-01T00:04:53.433000Z,BTCUSDT,61210.60000000,61210.70000000,3.68700000,31.79800000,2024-03-01T00:04:53.433000Z,2024-03-01T00:04:53.436000Z,4070951856924
2024-03-01T00:04:54.440000Z,BTCUSDT,61210.60000000,61210.70000000,1.90400000,31.35000000,2024-03-01T00:04:54.440000Z,2024-03-01T00:04:54.445000Z,4070951912474
2024-03-01T00:04:55.440000Z,BTCUSDT,61208.50000000,61208.60000000,0.06500000,9.45800000,2024-03-01T00:04:55.440000Z,2024-03-01T00:04:55.444000Z,4070951972996
2024-03-01T00:04:56.440000Z,BTCUSDT,61207.20000000,61207.30000000,0.72800000,9.79100000,2024-03-01T00:04:56.440000Z,2024-03-01T00:04:56.448000Z,4070952075577
2024-03-01T00:04:57.451000Z,BTCUSDT,61201.30000000,61201.40000000,0.03200000,9.34700000,2024-03-01T00:04:57.451000Z,2024-03-01T00:04:57.457000Z,4070952232099
2024-03-01T00:04:58.453000Z,BTCUSDT,61200.30000000,61200.40000000,1.91600000,7.42800000,2024-03-01T00:04:58.453000Z,2024-03-01T00:04:58.457000Z,4070952371166
2024-03-01T00:04:59.464000Z,BTCUSDT,61200.00000000,61200.10000000,5.84000000,8.12500000,2024-03-01T00:04:59.464000Z,2024-03-01T00:04:59.470000Z,4070952490482
2024-03-01T00:05:00.464000Z,BTCUSDT,61200.00000000,61200.10000000,6.56700000,8.24800000,2024-03-01T00:05:00.464000Z,2024-03-01T00:05:00.469000Z,4070952560841
2024-03-01T00:05:01.464000Z,BTCUSDT,61203.80000000,61204.40000000,1.52300000,0.31000000,2024-03-01T00:05:01.464000Z,2024-03-01T00:05:01.476000Z,4070952654000
2024-03-01T00:05:02.464000Z,BTCUSDT,61215.50000000,61215.60000000,1.60300000,3.72700000,2024-03-01T00:05:02.464000Z,2024-03-01T00:05:02.470000Z,4070952823940
2024-03-01T00:05:03.467000Z,BTCUSDT,61216.90000000,61217.00000000,11.45500000,1.55800000,2024-03-01T00:05:03.467000Z,2024-03-01T00:05:03.474000Z,4070952936070
2024-03-01T00:05:04.513000Z,BTCUSDT,61217.80000000,61217.90000000,11.39500000,0.39800000,2024-03-01T00:05:04.513000Z,2024-03-01T00:05:04.519000Z,4070953021199
2024-03-01T00:05:05.525000Z,BTCUSDT,61217.80000000,61217.90000000,3.80400000,4.13000000,2024-03-01T00:05:05.525000Z,2024-03-01T00:05:05.530000Z,4070953098158
2024-03-01T00:05:06.550000Z,BTCUSDT,61215.50000000,61215.60000000,3.11400000,4.33700000,2024-03-01T00:05:06.550000Z,2024-03-01T00:05:06.555000Z,4070953241709
2024-03-01T00:05:07.574000Z,BTCUSDT,61215.50000000,61215.60000000,3.87200000,4.24100000,2024-03-01T00:05:07.574000Z,2024-03-01T00:05:07.579000Z,4070953312652
2024-03-01T00:05:08.619000Z,BTCUSDT,61225.00000000,61225.10000000,10.84700000,0.85800000,2024-03-01T00:05:08.619000Z,2024-03-01T00:05:08.626000Z,4070953430793
2024-03-01T00:05:09.628000Z,BTCUSDT,61225.00000000,61225.10000000,10.67100000,0.07300000,2024-03-01T00:05:09.628000Z,2024-03-01T00:05:09.633000Z,4070953505125
2024-03-01T00:05:10.650000Z,BTCUSDT,61229.30000000,61229.40000000,5.62700000,4.16300000,2024-03-01T00:05:10.650000Z,2024-03-01T00:05:10.656000Z,4070953595163
2024-03-01T00:05:11.650000Z,BTCUSDT,61229.30000000,61229.40000000,5.78000000,5.81300000,2024-03-01T00:05:11.650000Z,2024-03-01T00:05:11.656000Z,4070953662211
2024-03-01T00:05:12.702000Z,BTCUSDT,61229.30000000,61229.40000000,4.00200000,3.07600000,2024-03-01T00:05:12.702000Z,2024-03-01T00:05:12.706000Z,4070953771127
2024-03-01T00:05:13.716000Z,BTCUSDT,61229.30000000,61229.40000000,4.79700000,0.69600000,2024-03-01T00:05:13.716000Z,2024-03-01T00:05:13.725000Z,4070953878037
2024-03-01T00:05:14.775000Z,BTCUSDT,61229.30000000,61229.40000000,4.06100000,0.96500000,2024-03-01T00:05:14.775000Z,2024-03-01T00:05:14.781000Z,4070953973238
2024-03-01T00:05:15.842000Z,BTCUSDT,61229.30000000,61229.40000000,4.29800000,0.65700000,2024-03-01T00:05:15.842000Z,2024-03-01T00:05:15.847000Z,4070954040062
2024-03-01T00:05:16.842000Z,BTCUSDT,61239.90000000,61240.00000000,13.89400000,0.21000000,2024-03-01T00:05:16.842000Z,2024-03-01T00:05:16.857000Z,4070954164821
2024-03-01T00:05:17.996000Z,BTCUSDT,61241.60000000,61241.70000000,11.86300000,1.75100000,2024-03-01T00:05:17.996000Z,2024-03-01T00:05:18.002000Z,4070954259346
2024-03-01T00:05:19.002000Z,BTCUSDT,61245.30000000,61245.40000000,16.19300000,0.19500000,2024-03-01T00:05:19.002000Z,2024-03-01T00:05:19.014000Z,4070954363378
2024-03-01T00:05:20.005000Z,BTCUSDT,61246.90000000,61247.00000000,14.21700000,0.00500000,2024-03-01T00:05:20.005000Z,2024-03-01T00:05:20.014000Z,4070954452158
2024-03-01T00:05:21.006000Z,BTCUSDT,61258.40000000,61258.50000000,6.66000000,2.81300000,2024-03-01T00:05:21.006000Z,2024-03-01T00:05:21.014000Z,4070954570422
2024-03-01T00:05:22.072000Z,BTCUSDT,61265.70000000,61265.80000000,5.24400000,0.96500000,2024-03-01T00:05:22.072000Z,2024-03-01T00:05:22.079000Z,4070954713722
2024-03-01T00:05:23.072000Z,BTCUSDT,61272.00000000,61272.10000000,7.18900000,1.09200000,2024-03-01T00:05:23.072000Z,2024-03-01T00:05:23.078000Z,4070954844516
2024-03-01T00:05:24.125000Z,BTCUSDT,61273.20000000,61273.30000000,6.09600000,0.54000000,2024-03-01T00:05:24.125000Z,2024-03-01T00:05:24.135000Z,4070955012339
2024-03-01T00:05:25.163000Z,BTCUSDT,61273.20000000,61273.30000000,10.38200000,0.79800000,2024-03-01T00:05:25.163000Z,2024-03-01T00:05:25.169000Z,4070955119647
2024-03-01T00:05:26.167000Z,BTCUSDT,61273.50000000,61273.60000000,8.53700000,0.83400000,2024-03-01T00:05:26.167000Z,2024-03-01T00:05:26.174000Z,4070955200574
2024-03-01T00:05:27.174000Z,BTCUSDT,61273.50000000,61273.60000000,8.76900000,1.31000000,2024-03-01T00:05:27.174000Z,2024-03-01T00:05:27.179000Z,4070955289837
2024-03-01T00:05:28.175000Z,BTCUSDT,61273.50000000,61273.60000000,6.64200000,2.35400000,2024-03-01T00:05:28.175000Z,2024-03-01T00:05:28.182000Z,4070955355955
2024-03-01T00:05:29.178000Z,BTCUSDT,61279.90000000,61280.00000000,9.69100000,0.60900000,2024-03-01T00:05:29.178000Z,2024-03-01T00:05:29.182000Z,4070955450270
2024-03-01T00:05:30.184000Z,BTCUSDT,61282.90000000,61283.00000000,13.26100000,2.09100000,2024-03-01T00:05:30.184000Z,2024-03-01T00:05:30.190000Z,4070955516344
2024-03-01T00:05:31.198000Z,BTCUSDT,61282.90000000,61283.00000000,13.98200000,3.31700000,2024-03-01T00:05:31.198000Z,2024-03-01T00:05:31.203000Z,4070955579420
2024-03-01T00:05:32.199000Z,BTCUSDT,61282.90000000,61283.00000000,14.73000000,0.08500000,2024-03-01T00:05:32.199000Z,2024-03-01T00:05:32.205000Z,4070955660585
2024-03-01T00:05:33.210000Z,BTCUSDT,61290.20000000,61290.30000000,7.74200000,0.00200000,2024-03-01T00:05:33.210000Z,2024-03-01T00:05:33.220000Z,4070955771089
2024-03-01T00:05:34.221000Z,BTCUSDT,61293.90000000,61294.00000000,10.77400000,0.24700000,2024-03-01T00:05:34.221000Z,2024-03-01T00:05:34.227000Z,4070955865894
2024-03-01T00:05:35.225000Z,BTCUSDT,61293.90000000,61294.00000000,11.16600000,0.18700000,2024-03-01T00:05:35.225000Z,2024-03-01T00:05:35.231000Z,4070955930452
2024-03-01T00:05:36.227000Z,BTCUSDT,61295.90000000,61296.00000000,8.61200000,0.16000000,2024-03-01T00:05:36.227000Z,2024-03-01T00:05:36.234000Z,4070956032979
2024-03-01T00:05:37.228000Z,BTCUSDT,61296.40000000,61296.50000000,16.59800000,0.06400000,2024-03-01T00:05:37.228000Z,2024-03-01T00:05:37.233000Z,4070956121292
2024-03-01T00:05:38.228000Z,BTCUSDT,61299.90000000,61300.00000000,5.97500000,2.64600000,2024-03-01T00:05:38.228000Z,2024-03-01T00:05:38.234000Z,4070956199394
2024-03-01T00:05:39.234000Z,BTCUSDT,61299.90000000,61300.00000000,5.61100000,2.56200000,2024-03-01T00:05:39.234000Z,2024-03-01T00:05:39.242000Z,4070956267509
2024-03-01T00:05:40.250000Z,BTCUSDT,61299.90000000,61300.00000000,6.49200000,1.13900000,2024-03-01T00:05:40.250000Z,2024-03-01T00:05:40.254000Z,4070956330254
2024-03-01T00:05:41.250000Z,BTCUSDT,61299.90000000,61300.00000000,6.81500000,1.78800000,2024-03-01T00:05:41.250000Z,2024-03-01T00:05:41.255000Z,4070956420021
2024-03-01T00:05:42.312000Z,BTCUSDT,61299.90000000,61300.00000000,6.79200000,2.11500000,2024-03-01T00:05:42.312000Z,2024-03-01T00:05:42.319000Z,4070956484938
2024-03-01T00:05:43.377000Z,BTCUSDT,61299.90000000,61300.00000000,6.74000000,2.33300000,2024-03-01T00:05:43.377000Z,2024-03-01T00:05:43.388000Z,4070956547523
2024-03-01T00:05:44.418000Z,BTCUSDT,61299.90000000,61300.00000000,6.19700000,3.65400000,2024-03-01T00:05:44.418000Z,2024-03-01T00:05:44.424000Z,4070956605826
2024-03-01T00:05:45.484000Z,BTCUSDT,61299.90000000,61300.00000000,6.70000000,2.01900000,2024-03-01T00:05:45.484000Z,2024-03-01T00:05:45.489000Z,4070956663348
2024-03-01T00:05:46.486000Z,BTCUSDT,61299.90000000,61300.00000000,6.50400000,0.95600000,2024-03-01T00:05:46.486000Z,2024-03-01T00:05:46.492000Z,4070956716114
2024-03-01T00:05:47.487000Z,BTCUSDT,61299.90000000,61300.00000000,6.62800000,1.34400000,2024-03-01T00:05:47.487000Z,2024-03-01T00:05:47.492000Z,4070956780274
2024-03-01T00:05:48.523000Z,BTCUSDT,61303.00000000,61303.10000000,7.80200000,2.61000000,2024-03-01T00:05:48.523000Z,2024-03-01T00:05:48.528000Z,4070956843940
2024-03-01T00:05:49.527000Z,BTCUSDT,61303.00000000,61303.10000000,4.45300000,2.49500000,2024-03-01T00:05:49.527000Z,2024-03-01T00:05:49.533000Z,4070956903166
2024-03-01T00:05:50.557000Z,BTCUSDT,61290.00000000,61290.10000000,5.02700000,2.86100000,2024-03-01T00:05:50.557000Z,2024-03-01T00:05:50.563000Z,4070957065410
2024-03-01T00:05:51.583000Z,BTCUSDT,61282.80000000,61282.90000000,1.05300000,2.34800000,2024-03-01T00:05:51.583000Z,2024-03-01T00:05:51.588000Z,4070957169665
2024-03-01T00:05:52.583000Z,BTCUSDT,61287.00000000,61287.10000000,1.55900000,0.22100000,2024-03-01T00:05:52.583000Z,2024-03-01T00:05:52.591000Z,4070957235216
2024-03-01T00:05:53.592000Z,BTCUSDT,61287.00000000,61287.10000000,1.90300000,1.26500000,2024-03-01T00:05:53.592000Z,2024-03-01T00:05:53.597000Z,4070957288904
2024-03-01T00:05:54.645000Z,BTCUSDT,61287.00000000,61287.10000000,1.60900000,1.42300000,2024-03-01T00:05:54.645000Z,2024-03-01T00:05:54.651000Z,4070957348871
2024-03-01T00:05:55.664000Z,BTCUSDT,61296.40000000,61296.50000000,6.18700000,0.25300000,2024-03-01T00:05:55.664000Z,2024-03-01T00:05:55.673000Z,4070957453209
2024-03-01T00:05:56.703000Z,BTCUSDT,61298.10000000,61298.20000000,4.42000000,2.35400000,2024-03-01T00:05:56.703000Z,2024-03-01T00:05:56.709000Z,4070957522549
2024-03-01T00:05:57.721000Z,BTCUSDT,61308.90000000,61309.00000000,1.86500000,2.21400000,2024-03-01T00:05:57.721000Z,2024-03-01T00:05:57.727000Z,4070957624605
2024-03-01T00:05:58.733000Z,BTCUSDT,61305.60000000,61305.70000000,0.00200000,6.81700000,2024-03-01T00:05:58.733000Z,2024-03-01T00:05:58.739000Z,4070957690950
2024-03-01T00:05:59.747000Z,BTCUSDT,61305.20000000,61305.30000000,1.52400000,5.15700000,2024-03-01T00:05:59.747000Z,2024-03-01T00:05:59.752000Z,4070957765849
2024-03-01T00:06:00.747000Z,BTCUSDT,61303.00000000,61303.10000000,0.02900000,7.56800000,2024-03-01T00:06:00.747000Z,2024-03-01T00:06:00.752000Z,4070957892877
2024-03-01T00:06:01.764000Z,BTCUSDT,61300.20000000,61300.30000000,2.73600000,5.60200000,2024-03-01T00:06:01.764000Z,2024-03-01T00:06:01.770000Z,4070957985677
2024-03-01T00:06:02.772000Z,BTCUSDT,61300.20000000,61300.30000000,2.55900000,1.01700000,2024-03-01T00:06:02.772000Z,2024-03-01T00:06:02.778000Z,4070958089179
2024-03-01T00:06:03.779000Z,BTCUSDT,61300.20000000,61300.30000000,3.08800000,0.06800000,2024-03-01T00:06:03.779000Z,2024-03-01T00:06:03.785000Z,4070958220245
2024-03-01T00:06:04.824000Z,BTCUSDT,61308.90000000,61309.00000000,10.98700000,0.48800000,2024-03-01T00:06:04.824000Z,2024-03-01T00:06:04.830000Z,4070958364006
2024-03-01T00:06:05.825000Z,BTCUSDT,61316.70000000,61316.80000000,6.45300000,0.39100000,2024-03-01T00:06:05.825000Z,2024-03-01T00:06:05.830000Z,4070958479030
2024-03-01T00:06:06.836000Z,BTCUSDT,61313.30000000,61313.40000000,0.00300000,5.64100000,2024-03-01T00:06:06.836000Z,2024-03-01T00:06:06.844000Z,4070958586432
2024-03-01T00:06:07.880000Z,BTCUSDT,61313.30000000,61313.40000000,0.34700000,3.53700000,2024-03-01T00:06:07.880000Z,2024-03-01T00:06:07.886000Z,4070958682228
2024-03-01T00:06:08.919000Z,BTCUSDT,61313.30000000,61313.40000000,2.46800000,2.09600000,2024-03-01T00:06:08.919000Z,2024-03-01T00:06:08.926000Z,4070958759052
2024-03-01T00:06:09.949000Z,BTCUSDT,61317.80000000,61317.90000000,2.58000000,2.08900000,2024-03-01T00:06:09.949000Z,2024-03-01T00:06:09.955000Z,4070958846073
2024-03-01T00:06:10.953000Z,BTCUSDT,61317.80000000,61317.90000000,2.17100000,1.97600000,2024-03-01T00:06:10.953000Z,2024-03-01T00:06:10.957000Z,4070958916268
2024-03-01T00:06:12.027000Z,BTCUSDT,61317.80000000,61317.90000000,2.51400000,0.88400000,2024-03-01T00:06:12.027000Z,2024-03-01T00:06:12.033000Z,4070958978187
2024-03-01T00:06:13.027000Z,BTCUSDT,61317.80000000,61317.90000000,2.59400000,2.23500000,2024-03-01T00:06:13.027000Z,2024-03-01T00:06:13.033000Z,4070959055793
2024-03-01T00:06:14.069000Z,BTCUSDT,61317.80000000,61317.90000000,3.51900000,2.55400000,2024-03-01T00:06:14.069000Z,2024-03-01T00:06:14.075000Z,4070959133420
2024-03-01T00:06:15.076000Z,BTCUSDT,61317.80000000,61317.90000000,2.82900000,3.01600000,2024-03-01T00:06:15.076000Z,2024-03-01T00:06:15.083000Z,4070959213602
2024-03-01T00:06:16.086000Z,BTCUSDT,61317.80000000,61317.90000000,3.13300000,2.31200000,2024-03-01T00:06:16.086000Z,2024-03-01T00:06:16.093000Z,4070959289202
2024-03-01T00:06:17.089000Z,BTCUSDT,61317.80000000,61317.90000000,2.83000000,1.00600000,2024-03-01T00:06:17.089000Z,2024-03-01T00:06:17.094000Z,4070959367471
2024-03-01T00:06:18.093000Z,BTCUSDT,61317.80000000,61317.90000000,2.47900000,0.56800000,2024-03-01T00:06:18.093000Z,2024-03-01T00:06:18.099000Z,4070959438978
2024-03-01T00:06:19.094000Z,BTCUSDT,61317.80000000,61317.90000000,3.18000000,0.20400000,2024-03-01T00:06:19.094000Z,2024-03-01T00:06:19.134000Z,4070959508684
2024-03-01T00:06:20.138000Z,BTCUSDT,61317.90000000,61318.00000000,5.25000000,1.36400000,2024-03-01T00:06:20.138000Z,2024-03-01T00:06:20.143000Z,4070959573538
2024-03-01T00:06:21.172000Z,BTCUSDT,61316.80000000,61316.90000000,27.68400000,5.79800000,2024-03-01T00:06:21.172000Z,2024-03-01T00:06:21.178000Z,4070959643100
2024-03-01T00:06:22.184000Z,BTCUSDT,61316.80000000,61316.90000000,23.65000000,7.22600000,2024-03-01T00:06:22.184000Z,2024-03-01T00:06:22.189000Z,4070959702688
2024-03-01T00:06:23.197000Z,BTCUSDT,61316.80000000,61316.90000000,25.28000000,2.93800000,2024-03-01T00:06:23.197000Z,2024-03-01T00:06:23.203000Z,4070959824135
2024-03-01T00:06:24.208000Z,BTCUSDT,61316.80000000,61316.90000000,25.16700000,2.30200000,2024-03-01T00:06:24.208000Z,2024-03-01T00:06:24.214000Z,4070959886869
2024-03-01T00:06:25.217000Z,BTCUSDT,61316.80000000,61316.90000000,26.00100000,2.00900000,2024-03-01T00:06:25.217000Z,2024-03-01T00:06:25.223000Z,4070959963078
2024-03-01T00:06:26.226000Z,BTCUSDT,61316.80000000,61316.90000000,25.42100000,1.41700000,2024-03-01T00:06:26.226000Z,2024-03-01T00:06:26.230000Z,4070960045715
2024-03-01T00:06:27.233000Z,BTCUSDT,61318.10000000,61318.20000000,5.24200000,3.79800000,2024-03-01T00:06:27.233000Z,2024-03-01T00:06:27.238000Z,4070960122074
2024-03-01T00:06:28.242000Z,BTCUSDT,61318.10000000,61318.20000000,2.24600000,3.59200000,2024-03-01T00:06:28.242000Z,2024-03-01T00:06:28.246000Z,4070960172518
2024-03-01T00:06:29.245000Z,BTCUSDT,61318.10000000,61318.20000000,3.04400000,3.19000000,2024-03-01T00:06:29.245000Z,2024-03-01T00:06:29.249000Z,4070960236702
2024-03-01T00:06:30.250000Z,BTCUSDT,61318.10000000,61318.20000000,2.53500000,3.09300000,2024-03-01T00:06:30.250000Z,2024-03-01T00:06:30.255000Z,4070960296658
2024-03-01T00:06:31.276000Z,BTCUSDT,61319.30000000,61319.40000000,8.58900000,0.24300000,2024-03-01T00:06:31.276000Z,2024-03-01T00:06:31.282000Z,4070960403963
2024-03-01T00:06:32.276000Z,BTCUSDT,61325.70000000,61326.00000000,3.21700000,0.00600000,2024-03-01T00:06:32.276000Z,2024-03-01T00:06:32.285000Z,4070960503366
2024-03-01T00:06:33.305000Z,BTCUSDT,61331.50000000,61331.60000000,4.68500000,1.46400000,2024-03-01T00:06:33.305000Z,2024-03-01T00:06:33.315000Z,4070960619124
2024-03-01T00:06:34.308000Z,BTCUSDT,61331.50000000,61331.60000000,2.95900000,2.74800000,2024-03-01T00:06:34.308000Z,2024-03-01T00:06:34.314000Z,4070960682934
2024-03-01T00:06:35.308000Z,BTCUSDT,61331.00000000,61331.10000000,0.01900000,8.25700000,2024-03-01T00:06:35.308000Z,2024-03-01T00:06:35.320000Z,4070960768859
2024-03-01T00:06:36.308000Z,BTCUSDT,61324.90000000,61325.00000000,1.41700000,2.66000000,2024-03-01T00:06:36.308000Z,2024-03-01T00:06:36.315000Z,4070960905915
2024-03-01T00:06:37.340000Z,BTCUSDT,61324.90000000,61325.00000000,1.70300000,2.78400000,2024-03-01T00:06:37.340000Z,2024-03-01T00:06:37.348000Z,4070960978703
2024-03-01T00:06:38.342000Z,BTCUSDT,61331.90000000,61332.00000000,3.39900000,2.39900000,2024-03-01T00:06:38.342000Z,2024-03-01T00:06:38.347000Z,4070961065008
2024-03-01T00:06:39.407000Z,BTCUSDT,61331.90000000,61332.00000000,5.68800000,2.21400000,2024-03-01T00:06:39.407000Z,2024-03-01T00:06:39.417000Z,4070961121470
2024-03-01T00:06:40.410000Z,BTCUSDT,61332.10000000,61332.20000000,9.41500000,0.03800000,2024-03-01T00:06:40.410000Z,2024-03-01T00:06:40.417000Z,4070961213576
2024-03-01T00:06:41.411000Z,BTCUSDT,61332.10000000,61332.20000000,7.56400000,3.11000000,2024-03-01T00:06:41.411000Z,2024-03-01T00:06:41.426000Z,4070961282499
2024-03-01T00:06:42.411000Z,BTCUSDT,61320.00000000,61320.10000000,0.36600000,10.04400000,2024-03-01T00:06:42.411000Z,2024-03-01T00:06:42.417000Z,4070961461473
2024-03-01T00:06:43.424000Z,BTCUSDT,61319.30000000,61319.40000000,1.16100000,10.87000000,2024-03-01T00:06:43.424000Z,2024-03-01T00:06:43.427000Z,4070961591619
2024-03-01T00:06:44.438000Z,BTCUSDT,61319.30000000,61319.40000000,0.17300000,10.78600000,2024-03-01T00:06:44.438000Z,2024-03-01T00:06:44.445000Z,4070961667749
2024-03-01T00:06:45.469000Z,BTCUSDT,61319.30000000,61319.40000000,5.16600000,2.16000000,2024-03-01T00:06:45.469000Z,2024-03-01T00:06:45.474000Z,4070961769176
2024-03-01T00:06:46.482000Z,BTCUSDT,61319.30000000,61319.40000000,3.44100000,2.82800000,2024-03-01T00:06:46.482000Z,2024-03-01T00:06:46.488000Z,4070961827561
2024-03-01T00:06:47.484000Z,BTCUSDT,61319.30000000,61319.40000000,4.12700000,0.66500000,2024-03-01T00:06:47.484000Z,2024-03-01T00:06:47.491000Z,4070961894146
2024-03-01T00:06:48.500000Z,BTCUSDT,61319.30000000,61319.40000000,3.86000000,2.18700000,2024-03-01T00:06:48.500000Z,2024-03-01T00:06:48.506000Z,4070961944686
2024-03-01T00:06:49.500000Z,BTCUSDT,61321.60000000,61321.70000000,9.10500000,0.77800000,2024-03-01T00:06:49.500000Z,2024-03-01T00:06:49.510000Z,4070962031797
2024-03-01T00:06:50.506000Z,BTCUSDT,61324.30000000,61324.40000000,4.93800000,3.35000000,2024-03-01T00:06:50.506000Z,2024-03-01T00:06:50.515000Z,4070962112703
2024-03-01T00:06:51.518000Z,BTCUSDT,61324.30000000,61324.40000000,2.65700000,5.32000000,2024-03-01T00:06:51.518000Z,2024-03-01T00:06:51.525000Z,4070962167778
2024-03-01T00:06:52.541000Z,BTCUSDT,61327.70000000,61327.80000000,8.66100000,0.02100000,2024-03-01T00:06:52.541000Z,2024-03-01T00:06:52.547000Z,4070962246736
2024-03-01T00:06:53.585000Z,BTCUSDT,61329.90000000,61330.00000000,4.72300000,2.24700000,2024-03-01T00:06:53.585000Z,2024-03-01T00:06:53.590000Z,4070962320013
2024-03-01T00:06:54.592000Z,BTCUSDT,61330.20000000,61330.30000000,11.95300000,0.32900000,2024-03-01T00:06:54.592000Z,2024-03-01T00:06:54.598000Z,4070962401979
2024-03-01T00:06:55.592000Z,BTCUSDT,61332.20000000,61332.30000000,6.88600000,0.16000000,2024-03-01T00:06:55.592000Z,2024-03-01T00:06:55.598000Z,4070962473593
2024-03-01T00:06:56.602000Z,BTCUSDT,61332.20000000,61332.30000000,6.01300000,1.29300000,2024-03-01T00:06:56.602000Z,2024-03-01T00:06:56.610000Z,4070962531059
2024-03-01T00:06:57.602000Z,BTCUSDT,61334.40000000,61334.50000000,3.83700000,2.65400000,2024-03-01T00:06:57.602000Z,2024-03-01T00:06:57.609000Z,4070962645556
2024-03-01T00:06:58.640000Z,BTCUSDT,61334.40000000,61334.50000000,4.55200000,2.79900000,2024-03-01T00:06:58.640000Z,2024-03-01T00:06:58.645000Z,4070962701153
2024-03-01T00:06:59.641000Z,BTCUSDT,61334.70000000,61334.80000000,8.91900000,0.02700000,2024-03-01T00:06:59.641000Z,2024-03-01T00:06:59.647000Z,4070962755038
2024-03-01T00:07:00.694000Z,BTCUSDT,61334.70000000,61334.80000000,4.23200000,1.49400000,2024-03-01T00:07:00.694000Z,2024-03-01T00:07:00.699000Z,4070962840729
2024-03-01T00:07:01.715000Z,BTCUSDT,61334.70000000,61334.80000000,5.63500000,1.09600000,2024-03-01T00:07:01.715000Z,2024-03-01T00:07:01.721000Z,4070962912738
2024-03-01T00:07:02.725000Z,BTCUSDT,61345.90000000,61346.00000000,9.81000000,0.09900000,2024-03-01T00:07:02.725000Z,2024-03-01T00:07:02.729000Z,4070963047765
2024-03-01T00:07:03.757000Z,BTCUSDT,61346.30000000,61346.40000000,7.78900000,0.30600000,2024-03-01T00:07:03.757000Z,2024-03-01T00:07:03.763000Z,4070963144228
2024-03-01T00:07:04.821000Z,BTCUSDT,61346.40000000,61346.50000000,14.94300000,0.21200000,2024-03-01T00:07:04.821000Z,2024-03-01T00:07:04.826000Z,4070963224450
2024-03-01T00:07:05.827000Z,BTCUSDT,61348.90000000,61349.00000000,9.84000000,1.60700000,2024-03-01T00:07:05.827000Z,2024-03-01T00:07:05.833000Z,4070963306208
2024-03-01T00:07:06.884000Z,BTCUSDT,61348.90000000,61349.00000000,2.32000000,3.11500000,2024-03-01T00:07:06.884000Z,2024-03-01T00:07:06.890000Z,4070963411115
2024-03-01T00:07:07.884000Z,BTCUSDT,61348.90000000,61349.00000000,3.02300000,3.73000000,2024-03-01T00:07:07.884000Z,2024-03-01T00:07:07.895000Z,4070963502576
2024-03-01T00:07:08.893000Z,BTCUSDT,61348.90000000,61349.00000000,3.48300000,1.29500000,2024-03-01T00:07:08.893000Z,2024-03-01T00:07:08.901000Z,4070963613680
2024-03-01T00:07:09.895000Z,BTCUSDT,61348.90000000,61349.00000000,3.42800000,0.65300000,2024-03-01T00:07:09.895000Z,2024-03-01T00:07:09.906000Z,4070963693673
2024-03-01T00:07:10.895000Z,BTCUSDT,61352.90000000,61353.00000000,9.40600000,0.36100000,2024-03-01T00:07:10.895000Z,2024-03-01T00:07:10.901000Z,4070963774551
2024-03-01T00:07:12.003000Z,BTCUSDT,61359.90000000,61360.00000000,12.34700000,1.28000000,2024-03-01T00:07:12.003000Z,2024-03-01T00:07:12.010000Z,4070963863668
2024-03-01T00:07:13.012000Z,BTCUSDT,61363.70000000,61363.80000000,6.22000000,0.18100000,2024-03-01T00:07:13.012000Z,2024-03-01T00:07:13.019000Z,4070963956789
2024-03-01T00:07:14.018000Z,BTCUSDT,61374.60000000,61374.70000000,13.61500000,0.50800000,2024-03-01T00:07:14.018000Z,2024-03-01T00:07:14.021000Z,4070964061127
2024-03-01T00:07:15.025000Z,BTCUSDT,61375.50000000,61375.60000000,12.02600000,0.62100000,2024-03-01T00:07:15.025000Z,2024-03-01T00:07:15.030000Z,4070964126460
2024-03-01T00:07:16.029000Z,BTCUSDT,61387.00000000,61387.10000000,2.96000000,1.25200000,2024-03-01T00:07:16.029000Z,2024-03-01T00:07:16.033000Z,4070964207565
2024-03-01T00:07:17.034000Z,BTCUSDT,61387.50000000,61387.60000000,3.06200000,2.00700000,2024-03-01T00:07:17.034000Z,2024-03-01T00:07:17.041000Z,4070964264040
2024-03-01T00:07:18.035000Z,BTCUSDT,61395.80000000,61395.90000000,6.19000000,0.38900000,2024-03-01T00:07:18.035000Z,2024-03-01T00:07:18.042000Z,4070964361241
2024-03-01T00:07:19.057000Z,BTCUSDT,61396.30000000,61396.40000000,11.83800000,0.04000000,2024-03-01T00:07:19.057000Z,2024-03-01T00:07:19.064000Z,4070964458727
2024-03-01T00:07:20.059000Z,BTCUSDT,61396.30000000,61396.40000000,0.98600000,9.27200000,2024-03-01T00:07:20.059000Z,2024-03-01T00:07:20.063000Z,4070964561558
2024-03-01T00:07:21.059000Z,BTCUSDT,61377.40000000,61377.50000000,1.67300000,7.71000000,2024-03-01T00:07:21.059000Z,2024-03-01T00:07:21.065000Z,4070964689189
2024-03-01T00:07:22.096000Z,BTCUSDT,61389.20000000,61389.30000000,9.62500000,0.50000000,2024-03-01T00:07:22.096000Z,2024-03-01T00:07:22.100000Z,4070964830193
2024-03-01T00:07:23.105000Z,BTCUSDT,61395.60000000,61395.70000000,5.29500000,1.23100000,2024-03-01T00:07:23.105000Z,2024-03-01T00:07:23.115000Z,4070964925841
2024-03-01T00:07:24.109000Z,BTCUSDT,61396.30000000,61396.40000000,11.15700000,0.04400000,2024-03-01T00:07:24.109000Z,2024-03-01T00:07:24.121000Z,4070965018954
2024-03-01T00:07:25.142000Z,BTCUSDT,61397.00000000,61397.10000000,10.96500000,21.23500000,2024-03-01T00:07:25.142000Z,2024-03-01T00:07:25.148000Z,4070965101728
2024-03-01T00:07:26.152000Z,BTCUSDT,61390.50000000,61390.60000000,2.65700000,2.28600000,2024-03-01T00:07:26.152000Z,2024-03-01T00:07:26.157000Z,4070965205344
2024-03-01T00:07:27.170000Z,BTCUSDT,61389.50000000,61389.60000000,6.54600000,0.63000000,2024-03-01T00:07:27.170000Z,2024-03-01T00:07:27.176000Z,4070965274786
2024-03-01T00:07:28.174000Z,BTCUSDT,61389.50000000,61389.60000000,7.19100000,0.37100000,2024-03-01T00:07:28.174000Z,2024-03-01T00:07:28.180000Z,4070965359243
2024-03-01T00:07:29.199000Z,BTCUSDT,61389.50000000,61389.60000000,7.10600000,0.36000000,2024-03-01T00:07:29.199000Z,2024-03-01T00:07:29.204000Z,4070965443741
2024-03-01T00:07:30.224000Z,BTCUSDT,61389.50000000,61389.60000000,2.64500000,21.48900000,2024-03-01T00:07:30.224000Z,2024-03-01T00:07:30.230000Z,4070965506305
2024-03-01T00:07:31.269000Z,BTCUSDT,61386.40000000,61386.50000000,2.79700000,0.83700000,2024-03-01T00:07:31.269000Z,2024-03-01T00:07:31.274000Z,4070965585315
2024-03-01T00:07:32.269000Z,BTCUSDT,61389.30000000,61389.40000000,2.19900000,3.38300000,2024-03-01T00:07:32.269000Z,2024-03-01T00:07:32.274000Z,4070965666203
2024-03-01T00:07:33.285000Z,BTCUSDT,61389.30000000,61389.40000000,1.09400000,3.62900000,2024-03-01T00:07:33.285000Z,2024-03-01T00:07:33.291000Z,4070965743339
2024-03-01T00:07:34.330000Z,BTCUSDT,61389.30000000,61389.40000000,2.41500000,3.08100000,2024-03-01T00:07:34.330000Z,2024-03-01T00:07:34.336000Z,4070965815214
2024-03-01T00:07:35.341000Z,BTCUSDT,61389.30000000,61389.40000000,2.41300000,0.87400000,2024-03-01T00:07:35.341000Z,2024-03-01T00:07:35.346000Z,4070965891941
2024-03-01T00:07:36.342000Z,BTCUSDT,61389.50000000,61389.60000000,13.54200000,18.78900000,2024-03-01T00:07:36.342000Z,2024-03-01T00:07:36.348000Z,4070965951936
2024-03-01T00:07:37.359000Z,BTCUSDT,61389.50000000,61389.60000000,14.93000000,18.88800000,2024-03-01T00:07:37.359000Z,2024-03-01T00:07:37.364000Z,4070966020308
2024-03-01T00:07:38.414000Z,BTCUSDT,61389.50000000,61389.60000000,8.51400000,19.50800000,2024-03-01T00:07:38.414000Z,2024-03-01T00:07:38.419000Z,4070966095063
2024-03-01T00:07:39.457000Z,BTCUSDT,61389.50000000,61389.60000000,4.22800000,19.54900000,2024-03-01T00:07:39.457000Z,2024-03-01T00:07:39.463000Z,4070966159562
2024-03-01T00:07:40.457000Z,BTCUSDT,61389.40000000,61389.50000000,3.76100000,13.91800000,2024-03-01T00:07:40.457000Z,2024-03-01T00:07:40.462000Z,4070966248574
2024-03-01T00:07:41.457000Z,BTCUSDT,61382.10000000,61382.20000000,5.09700000,0.35000000,2024-03-01T00:07:41.457000Z,2024-03-01T00:07:41.463000Z,4070966321888
2024-03-01T00:07:42.485000Z,BTCUSDT,61387.80000000,61387.90000000,4.17500000,0.76000000,2024-03-01T00:07:42.485000Z,2024-03-01T00:07:42.490000Z,4070966405173
2024-03-01T00:07:43.486000Z,BTCUSDT,61387.80000000,61387.90000000,2.47100000,1.72700000,2024-03-01T00:07:43.486000Z,2024-03-01T00:07:43.492000Z,4070966470597
2024-03-01T00:07:44.489000Z,BTCUSDT,61387.80000000,61387.90000000,3.37400000,3.58700000,2024-03-01T00:07:44.489000Z,2024-03-01T00:07:44.494000Z,4070966537619
2024-03-01T00:07:45.489000Z,BTCUSDT,61389.40000000,61389.50000000,4.48600000,13.01000000,2024-03-01T00:07:45.489000Z,2024-03-01T00:07:45.494000Z,4070966592158
2024-03-01T00:07:46.489000Z,BTCUSDT,61389.40000000,61389.50000000,4.55400000,12.89400000,2024-03-01T00:07:46.489000Z,2024-03-01T00:07:46.495000Z,4070966663417
2024-03-01T00:07:47.569000Z,BTCUSDT,61389.40000000,61389.50000000,4.87100000,12.98100000,2024-03-01T00:07:47.569000Z,2024-03-01T00:07:47.574000Z,4070966720601
2024-03-01T00:07:48.576000Z,BTCUSDT,61389.40000000,61389.50000000,4.91300000,11.88200000,2024-03-01T00:07:48.576000Z,2024-03-01T00:07:48.581000Z,4070966765309
2024-03-01T00:07:49.632000Z,BTCUSDT,61389.40000000,61389.50000000,0.40500000,14.46600000,2024-03-01T00:07:49.632000Z,2024-03-01T00:07:49.637000Z,4070966848810
2024-03-01T00:07:50.640000Z,BTCUSDT,61389.40000000,61389.50000000,0.50400000,12.48200000,2024-03-01T00:07:50.640000Z,2024-03-01T00:07:50.645000Z,4070966920201
2024-03-01T00:07:51.640000Z,BTCUSDT,61389.40000000,61389.50000000,2.33100000,12.45500000,2024-03-01T00:07:51.640000Z,2024-03-01T00:07:51.646000Z,4070966985336
2024-03-01T00:07:52.787000Z,BTCUSDT,61389.40000000,61389.50000000,0.97300000,12.45700000,2024-03-01T00:07:52.787000Z,2024-03-01T00:07:52.793000Z,4070967053594
2024-03-01T00:07:53.937000Z,BTCUSDT,61389.40000000,61389.50000000,2.99900000,12.44000000,2024-03-01T00:07:53.937000Z,2024-03-01T00:07:53.943000Z,4070967111071
2024-03-01T00:07:55.021000Z,BTCUSDT,61389.40000000,61389.50000000,0.73500000,12.45400000,2024-03-01T00:07:55.021000Z,2024-03-01T00:07:55.028000Z,4070967162776
2024-03-01T00:07:56.043000Z,BTCUSDT,61389.40000000,61389.50000000,1.37500000,13.10700000,2024-03-01T00:07:56.043000Z,2024-03-01T00:07:56.048000Z,4070967212679
2024-03-01T00:07:57.045000Z,BTCUSDT,61386.90000000,61387.00000000,1.07000000,7.32000000,2024-03-01T00:07:57.045000Z,2024-03-01T00:07:57.050000Z,4070967263320
2024-03-01T00:07:58.052000Z,BTCUSDT,61386.90000000,61387.00000000,0.74600000,4.88000000,2024-03-01T00:07:58.052000Z,2024-03-01T00:07:58.058000Z,4070967310141
2024-03-01T00:07:59.052000Z,BTCUSDT,61386.90000000,61387.00000000,3.40600000,5.01600000,2024-03-01T00:07:59.052000Z,2024-03-01T00:07:59.059000Z,4070967360664
2024-03-01T00:08:00.053000Z,BTCUSDT,61386.90000000,61387.00000000,2.29800000,3.38700000,2024-03-01T00:08:00.053000Z,2024-03-01T00:08:00.056000Z,4070967423318
2024-03-01T00:08:01.053000Z,BTCUSDT,61369.10000000,61369.20000000,0.07000000,2.47600000,2024-03-01T00:08:01.053000Z,2024-03-01T00:08:01.064000Z,4070967541379
2024-03-01T00:08:02.053000Z,BTCUSDT,61369.10000000,61369.20000000,3.11600000,4.33900000,2024-03-01T00:08:02.053000Z,2024-03-01T00:08:02.057000Z,4070967660322
2024-03-01T00:08:03.054000Z,BTCUSDT,61369.10000000,61369.20000000,5.51100000,0.19400000,2024-03-01T00:08:03.054000Z,2024-03-01T00:08:03.059000Z,4070967746127
2024-03-01T00:08:04.057000Z,BTCUSDT,61378.50000000,61378.60000000,4.62300000,1.36800000,2024-03-01T00:08:04.057000Z,2024-03-01T00:08:04.061000Z,4070967856012
2024-03-01T00:08:05.074000Z,BTCUSDT,61378.50000000,61378.60000000,3.71500000,1.16100000,2024-03-01T00:08:05.074000Z,2024-03-01T00:08:05.081000Z,4070967918809
2024-03-01T00:08:06.077000Z,BTCUSDT,61382.70000000,61382.80000000,5.91600000,1.50700000,2024-03-01T00:08:06.077000Z,2024-03-01T00:08:06.082000Z,4070968001607
2024-03-01T00:08:07.085000Z,BTCUSDT,61382.70000000,61382.80000000,3.36500000,1.46900000,2024-03-01T00:08:07.085000Z,2024-03-01T00:08:07.090000Z,4070968091046
2024-03-01T00:08:08.090000Z,BTCUSDT,61382.70000000,61382.80000000,2.65400000,1.51200000,2024-03-01T00:08:08.090000Z,2024-03-01T00:08:08.096000Z,4070968158224
2024-03-01T00:08:09.101000Z,BTCUSDT,61382.70000000,61382.80000000,4.56100000,0.09700000,2024-03-01T00:08:09.101000Z,2024-03-01T00:08:09.105000Z,4070968234177
2024-03-01T00:08:10.103000Z,BTCUSDT,61382.70000000,61382.80000000,4.46800000,1.19100000,2024-03-01T00:08:10.103000Z,2024-03-01T00:08:10.108000Z,4070968302892
2024-03-01T00:08:11.143000Z,BTCUSDT,61383.30000000,61383.40000000,3.98800000,1.46200000,2024-03-01T00:08:11.143000Z,2024-03-01T00:08:11.149000Z,4070968365236
2024-03-01T00:08:12.149000Z,BTCUSDT,61383.30000000,61383.40000000,3.68600000,12.92900000,2024-03-01T00:08:12.149000Z,2024-03-01T00:08:12.157000Z,4070968421463
2024-03-01T00:08:13.218000Z,BTCUSDT,61383.30000000,61383.40000000,5.07600000,11.36100000,2024-03-01T00:08:13.218000Z,2024-03-01T00:08:13.226000Z,4070968497659
2024-03-01T00:08:14.230000Z,BTCUSDT,61383.30000000,61383.40000000,5.34800000,11.39100000,2024-03-01T00:08:14.230000Z,2024-03-01T00:08:14.235000Z,4070968549297
2024-03-01T00:08:15.231000Z,BTCUSDT,61383.30000000,61383.40000000,8.13300000,11.48500000,2024-03-01T00:08:15.231000Z,2024-03-01T00:08:15.235000Z,4070968604095
2024-03-01T00:08:16.253000Z,BTCUSDT,61383.30000000,61383.40000000,3.25000000,12.97700000,2024-03-01T00:08:16.253000Z,2024-03-01T00:08:16.260000Z,4070968670858
2024-03-01T00:08:17.256000Z,BTCUSDT,61383.30000000,61383.40000000,4.52200000,11.08500000,2024-03-01T00:08:17.256000Z,2024-03-01T00:08:17.260000Z,4070968749734
2024-03-01T00:08:18.290000Z,BTCUSDT,61383.30000000,61383.40000000,3.60100000,11.68400000,2024-03-01T00:08:18.290000Z,2024-03-01T00:08:18.295000Z,4070968811006
2024-03-01T00:08:19.316000Z,BTCUSDT,61383.30000000,61383.40000000,3.43300000,12.19900000,2024-03-01T00:08:19.316000Z,2024-03-01T00:08:19.320000Z,4070968919406
2024-03-01T00:08:20.384000Z,BTCUSDT,61383.30000000,61383.40000000,4.52000000,10.37300000,2024-03-01T00:08:20.384000Z,2024-03-01T00:08:20.390000Z,4070968992720
2024-03-01T00:08:21.437000Z,BTCUSDT,61383.30000000,61383.40000000,4.15900000,10.63700000,2024-03-01T00:08:21.437000Z,2024-03-01T00:08:21.444000Z,4070969047521
2024-03-01T00:08:22.439000Z,BTCUSDT,61383.30000000,61383.40000000,4.14600000,10.64800000,2024-03-01T00:08:22.439000Z,2024-03-01T00:08:22.444000Z,4070969110448
2024-03-01T00:08:23.453000Z,BTCUSDT,61383.30000000,61383.40000000,3.22700000,10.82800000,2024-03-01T00:08:23.453000Z,2024-03-01T00:08:23.458000Z,4070969158795
2024-03-01T00:08:24.456000Z,BTCUSDT,61383.30000000,61383.40000000,3.12200000,10.80200000,2024-03-01T00:08:24.456000Z,2024-03-01T00:08:24.460000Z,4070969219635
2024-03-01T00:08:25.507000Z,BTCUSDT,61383.30000000,61383.40000000,8.23000000,10.69900000,2024-03-01T00:08:25.507000Z,2024-03-01T00:08:25.514000Z,4070969290263
2024-03-01T00:08:26.568000Z,BTCUSDT,61383.30000000,61383.40000000,7.35500000,10.73100000,2024-03-01T00:08:26.568000Z,2024-03-01T00:08:26.573000Z,4070969342837
2024-03-01T00:08:27.633000Z,BTCUSDT,61383.30000000,61383.40000000,3.42700000,12.50800000,2024-03-01T00:08:27.633000Z,2024-03-01T00:08:27.638000Z,4070969393952
2024-03-01T00:08:28.640000Z,BTCUSDT,61383.30000000,61383.40000000,3.51400000,13.00500000,2024-03-01T00:08:28.640000Z,2024-03-01T00:08:28.646000Z,4070969438820
2024-03-01T00:08:29.640000Z,BTCUSDT,61383.30000000,61383.40000000,5.69600000,11.23700000,2024-03-01T00:08:29.640000Z,2024-03-01T00:08:29.645000Z,4070969489848
2024-03-01T00:08:30.655000Z,BTCUSDT,61383.30000000,61383.40000000,5.53200000,11.22300000,2024-03-01T00:08:30.655000Z,2024-03-01T00:08:30.661000Z,4070969545709
2024-03-01T00:08:31.656000Z,BTCUSDT,61390.80000000,61392.70000000,0.90500000,0.00900000,2024-03-01T00:08:31.656000Z,2024-03-01T00:08:31.668000Z,4070969603124
2024-03-01T00:08:32.699000Z,BTCUSDT,61399.90000000,61400.00000000,15.08100000,2.75100000,2024-03-01T00:08:32.699000Z,2024-03-01T00:08:32.704000Z,4070969736205
2024-03-01T00:08:33.702000Z,BTCUSDT,61399.90000000,61400.00000000,15.79500000,0.89000000,2024-03-01T00:08:33.702000Z,2024-03-01T00:08:33.707000Z,4070969813268
2024-03-01T00:08:34.749000Z,BTCUSDT,61404.50000000,61404.60000000,6.94900000,5.90700000,2024-03-01T00:08:34.749000Z,2024-03-01T00:08:34.753000Z,4070969895091
2024-03-01T00:08:35.750000Z,BTCUSDT,61392.20000000,61392.30000000,0.38300000,10.54200000,2024-03-01T00:08:35.750000Z,2024-03-01T00:08:35.755000Z,4070970003633
2024-03-01T00:08:36.838000Z,BTCUSDT,61385.60000000,61385.70000000,1.35000000,9.53100000,2024-03-01T00:08:36.838000Z,2024-03-01T00:08:36.846000Z,4070970117729
2024-03-01T00:08:37.851000Z,BTCUSDT,61383.30000000,61383.40000000,0.98900000,10.98200000,2024-03-01T00:08:37.851000Z,2024-03-01T00:08:37.857000Z,4070970191798
2024-03-01T00:08:38.867000Z,BTCUSDT,61383.30000000,61383.40000000,2.03000000,9.96700000,2024-03-01T00:08:38.867000Z,2024-03-01T00:08:38.875000Z,4070970255367
2024-03-01T00:08:39.871000Z,BTCUSDT,61383.30000000,61383.40000000,3.75300000,9.57700000,2024-03-01T00:08:39.871000Z,2024-03-01T00:08:39.877000Z,4070970314643
2024-03-01T00:08:40.927000Z,BTCUSDT,61381.90000000,61382.00000000,4.43900000,9.81400000,2024-03-01T00:08:40.927000Z,2024-03-01T00:08:40.933000Z,4070970412332
2024-03-01T00:08:41.955000Z,BTCUSDT,61381.90000000,61382.00000000,4.51700000,8.28300000,2024-03-01T00:08:41.955000Z,2024-03-01T00:08:41.960000Z,4070970464860
2024-03-01T00:08:42.979000Z,BTCUSDT,61381.90000000,61382.00000000,4.02600000,8.32500000,2024-03-01T00:08:42.979000Z,2024-03-01T00:08:42.985000Z,4070970514289
2024-03-01T00:08:44.108000Z,BTCUSDT,61381.90000000,61382.00000000,3.64700000,8.91700000,2024-03-01T00:08:44.108000Z,2024-03-01T00:08:44.117000Z,4070970577746
2024-03-01T00:08:45.115000Z,BTCUSDT,61373.70000000,61373.80000000,1.21300000,5.71800000,2024-03-01T00:08:45.115000Z,2024-03-01T00:08:45.120000Z,4070970657570
2024-03-01T00:08:46.127000Z,BTCUSDT,61373.70000000,61373.80000000,5.98900000,0.51700000,2024-03-01T00:08:46.127000Z,2024-03-01T00:08:46.133000Z,4070970745017
2024-03-01T00:08:47.136000Z,BTCUSDT,61374.80000000,61374.90000000,9.65200000,1.53000000,2024-03-01T00:08:47.136000Z,2024-03-01T00:08:47.140000Z,4070970835707
2024-03-01T00:08:48.199000Z,BTCUSDT,61374.80000000,61374.90000000,9.06100000,0.32600000,2024-03-01T00:08:48.199000Z,2024-03-01T00:08:48.206000Z,4070970905997
2024-03-01T00:08:49.199000Z,BTCUSDT,61374.80000000,61374.90000000,5.31400000,3.68000000,2024-03-01T00:08:49.199000Z,2024-03-01T00:08:49.204000Z,4070970969904
2024-03-01T00:08:50.264000Z,BTCUSDT,61374.80000000,61374.90000000,6.02900000,4.98400000,2024-03-01T00:08:50.264000Z,2024-03-01T00:08:50.270000Z,4070971022458
2024-03-01T00:08:51.346000Z,BTCUSDT,61374.80000000,61374.90000000,6.44100000,4.98000000,2024-03-01T00:08:51.346000Z,2024-03-01T00:08:51.353000Z,4070971078383
2024-03-01T00:08:52.380000Z,BTCUSDT,61374.80000000,61374.90000000,6.40100000,2.80100000,2024-03-01T00:08:52.380000Z,2024-03-01T00:08:52.387000Z,4070971136746
2024-03-01T00:08:53.387000Z,BTCUSDT,61374.80000000,61374.90000000,6.33200000,2.86500000,2024-03-01T00:08:53.387000Z,2024-03-01T00:08:53.393000Z,4070971181945
2024-03-01T00:08:54.390000Z,BTCUSDT,61374.80000000,61374.90000000,6.29300000,3.07900000,2024-03-01T00:08:54.390000Z,2024-03-01T00:08:54.397000Z,4070971224176
2024-03-01T00:08:55.399000Z,BTCUSDT,61374.80000000,61374.90000000,6.37000000,1.05100000,2024-03-01T00:08:55.399000Z,2024-03-01T00:08:55.403000Z,4070971277814
2024-03-01T00:08:56.401000Z,BTCUSDT,61379.40000000,61379.50000000,8.33300000,0.13300000,2024-03-01T00:08:56.401000Z,2024-03-01T00:08:56.405000Z,4070971345868
2024-03-01T00:08:57.421000Z,BTCUSDT,61388.70000000,61388.80000000,2.06800000,5.97900000,2024-03-01T00:08:57.421000Z,2024-03-01T00:08:57.428000Z,4070971452870
2024-03-01T00:08:58.423000Z,BTCUSDT,61388.70000000,61388.80000000,2.82900000,6.10000000,2024-03-01T00:08:58.423000Z,2024-03-01T00:08:58.427000Z,4070971513383
2024-03-01T00:08:59.424000Z,BTCUSDT,61388.70000000,61388.80000000,2.18100000,3.18900000,2024-03-01T00:08:59.424000Z,2024-03-01T00:08:59.431000Z,4070971561203
2024-03-01T00:09:00.437000Z,BTCUSDT,61383.30000000,61383.40000000,1.39900000,6.41200000,2024-03-01T00:09:00.437000Z,2024-03-01T00:09:00.443000Z,4070971659881
2024-03-01T00:09:01.439000Z,BTCUSDT,61383.30000000,61383.40000000,4.82000000,5.21800000,2024-03-01T00:09:01.439000Z,2024-03-01T00:09:01.445000Z,4070971738930
2024-03-01T00:09:02.447000Z,BTCUSDT,61383.30000000,61383.40000000,5.04600000,1.89700000,2024-03-01T00:09:02.447000Z,2024-03-01T00:09:02.452000Z,4070971797150
2024-03-01T00:09:03.501000Z,BTCUSDT,61383.30000000,61383.40000000,5.02700000,2.85000000,2024-03-01T00:09:03.501000Z,2024-03-01T00:09:03.511000Z,4070971886069
2024-03-01T00:09:04.514000Z,BTCUSDT,61383.30000000,61383.40000000,4.98900000,2.76400000,2024-03-01T00:09:04.514000Z,2024-03-01T00:09:04.520000Z,4070971983169
2024-03-01T00:09:05.536000Z,BTCUSDT,61383.30000000,61383.40000000,3.91500000,2.76900000,2024-03-01T00:09:05.536000Z,2024-03-01T00:09:05.543000Z,4070972087298
2024-03-01T00:09:06.537000Z,BTCUSDT,61383.30000000,61383.40000000,4.22900000,1.69400000,2024-03-01T00:09:06.537000Z,2024-03-01T00:09:06.543000Z,4070972158755
2024-03-01T00:09:07.571000Z,BTCUSDT,61386.30000000,61386.40000000,9.04500000,0.09100000,2024-03-01T00:09:07.571000Z,2024-03-01T00:09:07.577000Z,4070972261993
2024-03-01T00:09:08.579000Z,BTCUSDT,61388.70000000,61388.80000000,15.07300000,1.88300000,2024-03-01T00:09:08.579000Z,2024-03-01T00:09:08.583000Z,4070972342241
2024-03-01T00:09:09.601000Z,BTCUSDT,61399.90000000,61400.00000000,10.93600000,0.21600000,2024-03-01T00:09:09.601000Z,2024-03-01T00:09:09.608000Z,4070972474922
2024-03-01T00:09:10.615000Z,BTCUSDT,61399.90000000,61400.00000000,10.33800000,2.43500000,2024-03-01T00:09:10.615000Z,2024-03-01T00:09:10.622000Z,4070972586646
2024-03-01T00:09:11.634000Z,BTCUSDT,61399.90000000,61400.00000000,10.39200000,3.29900000,2024-03-01T00:09:11.634000Z,2024-03-01T00:09:11.638000Z,4070972662074
2024-03-01T00:09:12.751000Z,BTCUSDT,61399.90000000,61400.00000000,7.74400000,1.86800000,2024-03-01T00:09:12.751000Z,2024-03-01T00:09:12.761000Z,4070972735078
2024-03-01T00:09:13.752000Z,BTCUSDT,61399.90000000,61400.00000000,6.09200000,4.72000000,2024-03-01T00:09:13.752000Z,2024-03-01T00:09:13.760000Z,4070972800048
2024-03-01T00:09:14.835000Z,BTCUSDT,61399.90000000,61400.00000000,6.14000000,3.76600000,2024-03-01T00:09:14.835000Z,2024-03-01T00:09:14.840000Z,4070972874783
2024-03-01T00:09:15.887000Z,BTCUSDT,61399.90000000,61400.00000000,6.10400000,2.51800000,2024-03-01T00:09:15.887000Z,2024-03-01T00:09:15.893000Z,4070972940483
2024-03-01T00:09:16.955000Z,BTCUSDT,61399.90000000,61400.00000000,7.01200000,0.68600000,2024-03-01T00:09:16.955000Z,2024-03-01T00:09:16.960000Z,4070973018141
2024-03-01T00:09:17.971000Z,BTCUSDT,61399.90000000,61400.00000000,4.68300000,11.17500000,2024-03-01T00:09:17.971000Z,2024-03-01T00:09:17.974000Z,4070973099512
2024-03-01T00:09:18.974000Z,BTCUSDT,61390.60000000,61390.70000000,0.01400000,8.09300000,2024-03-01T00:09:18.974000Z,2024-03-01T00:09:18.980000Z,4070973239339
2024-03-01T00:09:19.984000Z,BTCUSDT,61386.30000000,61386.40000000,7.08000000,0.27600000,2024-03-01T00:09:19.984000Z,2024-03-01T00:09:19.990000Z,4070973356403
2024-03-01T00:09:20.995000Z,BTCUSDT,61386.30000000,61386.40000000,5.66400000,0.13200000,2024-03-01T00:09:20.995000Z,2024-03-01T00:09:21.001000Z,4070973434384
2024-03-01T00:09:21.995000Z,BTCUSDT,61397.30000000,61397.40000000,3.39800000,3.46500000,2024-03-01T00:09:21.995000Z,2024-03-01T00:09:22.001000Z,4070973506629
2024-03-01T00:09:23.018000Z,BTCUSDT,61397.30000000,61397.40000000,4.45200000,3.15000000,2024-03-01T00:09:23.018000Z,2024-03-01T00:09:23.024000Z,4070973575237
2024-03-01T00:09:24.034000Z,BTCUSDT,61397.30000000,61397.40000000,0.42300000,4.79100000,2024-03-01T00:09:24.034000Z,2024-03-01T00:09:24.040000Z,4070973649381
2024-03-01T00:09:25.115000Z,BTCUSDT,61397.30000000,61397.40000000,0.45400000,4.77600000,2024-03-01T00:09:25.115000Z,2024-03-01T00:09:25.120000Z,4070973732754
2024-03-01T00:09:26.122000Z,BTCUSDT,61397.30000000,61397.40000000,3.67700000,2.39300000,2024-03-01T00:09:26.122000Z,2024-03-01T00:09:26.128000Z,4070973803590
2024-03-01T00:09:27.126000Z,BTCUSDT,61397.30000000,61397.40000000,3.87200000,2.11000000,2024-03-01T00:09:27.126000Z,2024-03-01T00:09:27.131000Z,4070973852014
2024-03-01T00:09:28.126000Z,BTCUSDT,61397.30000000,61397.40000000,4.08500000,1.49200000,2024-03-01T00:09:28.126000Z,2024-03-01T00:09:28.132000Z,4070973901157
2024-03-01T00:09:29.166000Z,BTCUSDT,61397.30000000,61397.40000000,4.16000000,1.47300000,2024-03-01T00:09:29.166000Z,2024-03-01T00:09:29.173000Z,4070973946546
2024-03-01T00:09:30.192000Z,BTCUSDT,61397.30000000,61397.40000000,0.66600000,4.27900000,2024-03-01T00:09:30.192000Z,2024-03-01T00:09:30.195000Z,4070974012915
2024-03-01T00:09:31.192000Z,BTCUSDT,61397.30000000,61397.40000000,2.16300000,3.70900000,2024-03-01T00:09:31.192000Z,2024-03-01T00:09:31.198000Z,4070974062043
2024-03-01T00:09:32.195000Z,BTCUSDT,61397.30000000,61397.40000000,2.05600000,3.41700000,2024-03-01T00:09:32.195000Z,2024-03-01T00:09:32.201000Z,4070974111914
2024-03-01T00:09:33.201000Z,BTCUSDT,61397.30000000,61397.40000000,3.62300000,1.62300000,2024-03-01T00:09:33.201000Z,2024-03-01T00:09:33.207000Z,4070974174675
2024-03-01T00:09:34.321000Z,BTCUSDT,61397.30000000,61397.40000000,3.65500000,1.20900000,2024-03-01T00:09:34.321000Z,2024-03-01T00:09:34.326000Z,4070974259922
2024-03-01T00:09:35.330000Z,BTCUSDT,61397.30000000,61397.40000000,4.37300000,0.85200000,2024-03-01T00:09:35.330000Z,2024-03-01T00:09:35.335000Z,4070974344618
2024-03-01T00:09:36.341000Z,BTCUSDT,61397.20000000,61397.30000000,0.58800000,10.64200000,2024-03-01T00:09:36.341000Z,2024-03-01T00:09:36.346000Z,4070974414376
2024-03-01T00:09:37.351000Z,BTCUSDT,61391.20000000,61391.30000000,2.40300000,4.45200000,2024-03-01T00:09:37.351000Z,2024-03-01T00:09:37.357000Z,4070974488092
2024-03-01T00:09:38.354000Z,BTCUSDT,61391.20000000,61391.30000000,2.94400000,4.81400000,2024-03-01T00:09:38.354000Z,2024-03-01T00:09:38.359000Z,4070974544415
2024-03-01T00:09:39.364000Z,BTCUSDT,61391.20000000,61391.30000000,5.40400000,2.33400000,2024-03-01T00:09:39.364000Z,2024-03-01T00:09:39.370000Z,4070974596179
2024-03-01T00:09:40.367000Z,BTCUSDT,61391.20000000,61391.30000000,7.20900000,2.29700000,2024-03-01T00:09:40.367000Z,2024-03-01T00:09:40.373000Z,4070974678797
2024-03-01T00:09:41.368000Z,BTCUSDT,61396.90000000,61397.00000000,2.14300000,6.87200000,2024-03-01T00:09:41.368000Z,2024-03-01T00:09:41.373000Z,4070974762206
2024-03-01T00:09:42.374000Z,BTCUSDT,61396.90000000,61397.00000000,0.25700000,6.04000000,2024-03-01T00:09:42.374000Z,2024-03-01T00:09:42.379000Z,4070974829792
2024-03-01T00:09:43.378000Z,BTCUSDT,61391.20000000,61391.30000000,7.40900000,0.87600000,2024-03-01T00:09:43.378000Z,2024-03-01T00:09:43.385000Z,4070974907489
2024-03-01T00:09:44.378000Z,BTCUSDT,61391.20000000,61391.30000000,6.94700000,1.97500000,2024-03-01T00:09:44.378000Z,2024-03-01T00:09:44.381000Z,4070974975084
2024-03-01T00:09:45.394000Z,BTCUSDT,61383.30000000,61383.40000000,0.32300000,11.77600000,2024-03-01T00:09:45.394000Z,2024-03-01T00:09:45.401000Z,4070975067867
2024-03-01T00:09:46.400000Z,BTCUSDT,61381.40000000,61381.50000000,0.05400000,6.34000000,2024-03-01T00:09:46.400000Z,2024-03-01T00:09:46.407000Z,4070975150089
2024-03-01T00:09:47.400000Z,BTCUSDT,61380.00000000,61380.10000000,1.91700000,7.60400000,2024-03-01T00:09:47.400000Z,2024-03-01T00:09:47.404000Z,4070975203508
2024-03-01T00:09:48.421000Z,BTCUSDT,61377.10000000,61377.20000000,0.27400000,10.11400000,2024-03-01T00:09:48.421000Z,2024-03-01T00:09:48.426000Z,4070975279997
2024-03-01T00:09:49.426000Z,BTCUSDT,61373.30000000,61373.40000000,2.43700000,4.00100000,2024-03-01T00:09:49.426000Z,2024-03-01T00:09:49.431000Z,4070975362600
2024-03-01T00:09:50.431000Z,BTCUSDT,61373.30000000,61373.40000000,0.15100000,5.14200000,2024-03-01T00:09:50.431000Z,2024-03-01T00:09:50.436000Z,4070975445642
2024-03-01T00:09:51.480000Z,BTCUSDT,61365.80000000,61365.90000000,0.91500000,7.04800000,2024-03-01T00:09:51.480000Z,2024-03-01T00:09:51.485000Z,4070975562054
2024-03-01T00:09:52.504000Z,BTCUSDT,61362.80000000,61362.90000000,1.61800000,5.30500000,2024-03-01T00:09:52.504000Z,2024-03-01T00:09:52.512000Z,4070975651672
2024-03-01T00:09:53.504000Z,BTCUSDT,61362.80000000,61362.90000000,4.07400000,2.28800000,2024-03-01T00:09:53.504000Z,2024-03-01T00:09:53.512000Z,4070975737939
2024-03-01T00:09:54.519000Z,BTCUSDT,61362.80000000,61362.90000000,3.56400000,3.05300000,2024-03-01T00:09:54.519000Z,2024-03-01T00:09:54.526000Z,4070975800076
2024-03-01T00:09:55.520000Z,BTCUSDT,61362.80000000,61362.90000000,4.04400000,1.15100000,2024-03-01T00:09:55.520000Z,2024-03-01T00:09:55.526000Z,4070975864608
2024-03-01T00:09:56.544000Z,BTCUSDT,61362.80000000,61362.90000000,3.88400000,1.21600000,2024-03-01T00:09:56.544000Z,2024-03-01T00:09:56.549000Z,4070975919528
2024-03-01T00:09:57.572000Z,BTCUSDT,61362.80000000,61362.90000000,3.32000000,1.86400000,2024-03-01T00:09:57.572000Z,2024-03-01T00:09:57.578000Z,4070975986656
2024-03-01T00:09:58.592000Z,BTCUSDT,61367.50000000,61367.60000000,7.01700000,2.27500000,2024-03-01T00:09:58.592000Z,2024-03-01T00:09:58.597000Z,4070976077706
2024-03-01T00:09:59.643000Z,BTCUSDT,61367.50000000,61367.60000000,6.20700000,2.88900000,2024-03-01T00:09:59.643000Z,2024-03-01T00:09:59.649000Z,4070976139982
2024-03-01T00:10:00.667000Z,BTCUSDT,61367.50000000,61367.60000000,6.39700000,0.26900000,2024-03-01T00:10:00.667000Z,2024-03-01T00:10:00.672000Z,4070976242539
2024-03-01T00:10:01.683000Z,BTCUSDT,61379.00000000,61379.10000000,4.21200000,3.70100000,2024-03-01T00:10:01.683000Z,2024-03-01T00:10:01.688000Z,4070976386732
2024-03-01T00:10:02.689000Z,BTCUSDT,61374.20000000,61374.40000000,0.03200000,1.52500000,2024-03-01T00:10:02.689000Z,2024-03-01T00:10:02.697000Z,4070976478236
2024-03-01T00:10:03.782000Z,BTCUSDT,61367.60000000,61367.70000000,1.33500000,7.35600000,2024-03-01T00:10:03.782000Z,2024-03-01T00:10:03.791000Z,4070976630256
2024-03-01T00:10:04.801000Z,BTCUSDT,61364.90000000,61365.00000000,0.52200000,6.55900000,2024-03-01T00:10:04.801000Z,2024-03-01T00:10:04.806000Z,4070976723054
2024-03-01T00:10:05.805000Z,BTCUSDT,61362.80000000,61362.90000000,0.03800000,8.32900000,2024-03-01T00:10:05.805000Z,2024-03-01T00:10:05.813000Z,4070976804850
2024-03-01T00:10:06.817000Z,BTCUSDT,61362.80000000,61362.90000000,3.29000000,2.38100000,2024-03-01T00:10:06.817000Z,2024-03-01T00:10:06.823000Z,4070976897030
2024-03-01T00:10:07.912000Z,BTCUSDT,61362.80000000,61362.90000000,2.07400000,3.20600000,2024-03-01T00:10:07.912000Z,2024-03-01T00:10:07.917000Z,4070976994286
2024-03-01T00:10:08.930000Z,BTCUSDT,61362.80000000,61362.90000000,4.58000000,0.46400000,2024-03-01T00:10:08.930000Z,2024-03-01T00:10:08.935000Z,4070977082041
2024-03-01T00:10:09.930000Z,BTCUSDT,61362.80000000,61362.90000000,3.36500000,2.63300000,2024-03-01T00:10:09.930000Z,2024-03-01T00:10:09.934000Z,4070977139514
2024-03-01T00:10:10.947000Z,BTCUSDT,61372.30000000,61372.40000000,10.93100000,0.38100000,2024-03-01T00:10:10.947000Z,2024-03-01T00:10:10.952000Z,4070977235406
2024-03-01T00:10:11.949000Z,BTCUSDT,61383.50000000,61383.60000000,9.62700000,2.16900000,2024-03-01T00:10:11.949000Z,2024-03-01T00:10:11.954000Z,4070977356178
2024-03-01T00:10:12.949000Z,BTCUSDT,61375.40000000,61375.50000000,0.56500000,10.99800000,2024-03-01T00:10:12.949000Z,2024-03-01T00:10:12.957000Z,4070977442245
2024-03-01T00:10:14.013000Z,BTCUSDT,61372.70000000,61372.80000000,3.52600000,6.65500000,2024-03-01T00:10:14.013000Z,2024-03-01T00:10:14.020000Z,4070977559015
2024-03-01T00:10:15.020000Z,BTCUSDT,61363.00000000,61363.10000000,4.90200000,1.77400000,2024-03-01T00:10:15.020000Z,2024-03-01T00:10:15.025000Z,4070977643009
2024-03-01T00:10:16.048000Z,BTCUSDT,61365.30000000,61365.40000000,5.02600000,2.73100000,2024-03-01T00:10:16.048000Z,2024-03-01T00:10:16.054000Z,4070977739067
2024-03-01T00:10:17.066000Z,BTCUSDT,61367.50000000,61367.60000000,10.52900000,0.48800000,2024-03-01T00:10:17.066000Z,2024-03-01T00:10:17.072000Z,4070977795737
2024-03-01T00:10:18.106000Z,BTCUSDT,61373.40000000,61374.20000000,1.52600000,0.23100000,2024-03-01T00:10:18.106000Z,2024-03-01T00:10:18.116000Z,4070977860930
2024-03-01T00:10:19.151000Z,BTCUSDT,61373.40000000,61373.50000000,0.13900000,3.29800000,2024-03-01T00:10:19.151000Z,2024-03-01T00:10:19.155000Z,4070977947970
2024-03-01T00:10:20.153000Z,BTCUSDT,61367.60000000,61367.70000000,0.37200000,6.95200000,2024-03-01T00:10:20.153000Z,2024-03-01T00:10:20.157000Z,4070978047172
2024-03-01T00:10:21.165000Z,BTCUSDT,61367.60000000,61367.70000000,2.87500000,2.84200000,2024-03-01T00:10:21.165000Z,2024-03-01T00:10:21.171000Z,4070978108756
2024-03-01T00:10:22.176000Z,BTCUSDT,61367.60000000,61367.70000000,2.70100000,2.63400000,2024-03-01T00:10:22.176000Z,2024-03-01T00:10:22.183000Z,4070978155563
2024-03-01T00:10:23.190000Z,BTCUSDT,61367.60000000,61367.70000000,3.10600000,1.65800000,2024-03-01T00:10:23.190000Z,2024-03-01T00:10:23.195000Z,4070978220227
2024-03-01T00:10:24.211000Z,BTCUSDT,61373.40000000,61373.50000000,10.77700000,0.36500000,2024-03-01T00:10:24.211000Z,2024-03-01T00:10:24.216000Z,4070978315157
2024-03-01T00:10:25.211000Z,BTCUSDT,61373.40000000,61373.50000000,6.95100000,1.60800000,2024-03-01T00:10:25.211000Z,2024-03-01T00:10:25.218000Z,4070978381431
2024-03-01T00:10:26.226000Z,BTCUSDT,61373.30000000,61373.40000000,1.64700000,3.11900000,2024-03-01T00:10:26.226000Z,2024-03-01T00:10:26.231000Z,4070978460931
2024-03-01T00:10:27.238000Z,BTCUSDT,61373.30000000,61373.40000000,3.56000000,0.02600000,2024-03-01T00:10:27.238000Z,2024-03-01T00:10:27.243000Z,4070978530682
2024-03-01T00:10:28.247000Z,BTCUSDT,61376.00000000,61376.10000000,4.93500000,0.81900000,2024-03-01T00:10:28.247000Z,2024-03-01T00:10:28.254000Z,4070978650265
2024-03-01T00:10:29.284000Z,BTCUSDT,61376.00000000,61376.10000000,5.49000000,0.35400000,2024-03-01T00:10:29.284000Z,2024-03-01T00:10:29.290000Z,4070978750021
2024-03-01T00:10:30.291000Z,BTCUSDT,61376.00000000,61376.10000000,4.30000000,2.44000000,2024-03-01T00:10:30.291000Z,2024-03-01T00:10:30.297000Z,4070978827151
2024-03-01T00:10:31.294000Z,BTCUSDT,61376.00000000,61376.10000000,4.16500000,2.41400000,2024-03-01T00:10:31.294000Z,2024-03-01T00:10:31.300000Z,4070978890974
2024-03-01T00:10:32.299000Z,BTCUSDT,61378.50000000,61378.60000000,3.15600000,3.19400000,2024-03-01T00:10:32.299000Z,2024-03-01T00:10:32.306000Z,4070978972607
2024-03-01T00:10:33.305000Z,BTCUSDT,61378.50000000,61378.60000000,4.71600000,0.28300000,2024-03-01T00:10:33.305000Z,2024-03-01T00:10:33.314000Z,4070979049156
2024-03-01T00:10:34.306000Z,BTCUSDT,61381.10000000,61381.20000000,9.93600000,0.24600000,2024-03-01T00:10:34.306000Z,2024-03-01T00:10:34.316000Z,4070979126019
2024-03-01T00:10:35.322000Z,BTCUSDT,61391.20000000,61391.30000000,13.35800000,0.19800000,2024-03-01T00:10:35.322000Z,2024-03-01T00:10:35.327000Z,4070979242944
2024-03-01T00:10:36.322000Z,BTCUSDT,61392.90000000,61393.00000000,4.98700000,0.00900000,2024-03-01T00:10:36.322000Z,2024-03-01T00:10:36.328000Z,4070979324746
2024-03-01T00:10:37.322000Z,BTCUSDT,61399.40000000,61399.50000000,4.52800000,0.74100000,2024-03-01T00:10:37.322000Z,2024-03-01T00:10:37.328000Z,4070979432392
2024-03-01T00:10:38.334000Z,BTCUSDT,61399.40000000,61399.50000000,4.22800000,3.07200000,2024-03-01T00:10:38.334000Z,2024-03-01T00:10:38.339000Z,4070979523432
2024-03-01T00:10:39.347000Z,BTCUSDT,61399.40000000,61399.50000000,5.67100000,0.09700000,2024-03-01T00:10:39.347000Z,2024-03-01T00:10:39.355000Z,4070979633960
2024-03-01T00:10:40.347000Z,BTCUSDT,61399.90000000,61400.00000000,9.18100000,9.05400000,2024-03-01T00:10:40.347000Z,2024-03-01T00:10:40.353000Z,4070979716073
2024-03-01T00:10:41.360000Z,BTCUSDT,61407.50000000,61407.60000000,8.50000000,0.05900000,2024-03-01T00:10:41.360000Z,2024-03-01T00:10:41.366000Z,4070979842688
2024-03-01T00:10:42.381000Z,BTCUSDT,61408.50000000,61408.60000000,14.20300000,0.11500000,2024-03-01T00:10:42.381000Z,2024-03-01T00:10:42.386000Z,4070979950388
